2182 2643
1104 147 1127 183 6

178 255 284 290 editus
315 255 504 302 ferebatur,
538 258 687 302 epitheto
721 255 741 295 ὁ
765 257 899 301 Δάλιος
931 260 1000 307 (Aj.
1026 264 1107 298 704.
1158 263 1232 299 Oed.
1258 264 1328 299 Rex
1357 261 1453 308 154).
1503 258 1628 299 Eodem
1659 262 1754 299 modo
1788 272 1854 307 quo
1881 263 2042 299 Homerus

177 315 314 355 saepius
339 315 528 356 Apollinem
558 316 742 351 honorifice
773 320 916 361 appellat
940 316 1080 354 ἄνακτα
1105 321 1171 364 (Aj.
1198 323 1279 356 703.
1317 322 1366 355 ΕΙ.
1392 323 1483 365 645,
1513 323 1614 356 1376.
1661 321 1739 355 ssed.
1765 321 1836 355 Rex
1856 323 1921 364 80,
1943 321 2042 364 208).
2085 325 2089 330 ”

178 370 282 405 Porro
308 370 349 404 ad
374 371 517 406 lucidam
541 372 640 416 hujus
666 374 720 408 dei
745 378 896 410 naturam
920 376 1157 420 designandam
1178 374 1449 422 frequentissimo
1470 377 1524 413 illo
1547 378 1633 422 apud
1645 377 1823 413 Homerum
1845 378 2044 421 cognomine

181 429 311 472 Φοῖβος
336 431 389 463 ter
413 431 514 463 utitur
541 430 603 473 (ΕΙ.
630 433 687 466 35.
738 433 788 476 Aj.
820 435 897 468 187.
944 434 1021 468 Oed.
1046 436 1118 469 Rex
1146 434 1266 478 1097).
1308 436 1479 471 Jacuiandi
1501 437 1656 479 peritiam
1681 432 1779 479 quam
1803 435 1968 470 Homerus
1991 437 2044 470 tot

176 485 329 527 epithetis
343 485 488 528 Apollini
512 486 627 522 tribuit
654 484 847 534 (ἑκήβολος,
873 486 1140 543 ἑκατηβελέτης,
1162 488 1335 538 ἑκάεργος,
1357 488 1584 539 ἑκατηβόλος,
1609 486 1746 534 ἔκατος,
1768 488 1929 538 άφήτωρ,
1954 486 2030 537 ἤῖος

179 539 427 588 ἀργυρότοξος,
453 539 677 588 κλυτότοξος)
703 548 819 581 noster
843 551 941 591 poeta
966 558 1032 584 uno
1059 552 1186 585 tantum
1212 550 1359 594 epitheto
1386 551 1518 593 attingit
1544 545 1728 595 (ἕκαβόλος
1759 549 1837 585 Oed.
1861 549 1930 584 Rex
1950 502 2044 591 1⁶25.

180 619 227 624 —
241 600 344 634 Deum
368 601 432 635 hac
453 602 626 644 jaculandi
649 603 808 638 facultate
831 614 928 640 usum
952 607 1058 642 fuisse
1082 608 1124 641 ad
1148 607 1246 650 lupos
1271 608 1515 642 interficiendos
1535 607 1694 642 indicatur
1712 606 1869 650 epithetis
1893 605 2043 643 duobus·

179 654 385 697 λυκοκτόνος
412 658 473 702 (El.
501 658 538 702 6)
566 662 600 694 et
622 656 773 700 Λύκειος
800 661 863 705 (ΕΙ.
883 664 963 708 655,
987 665 1088 699 1379.
1116 664 1193 699 Oed.
1211 665 1279 699 Rex
1293 664 1392 708 203).
1434 664 1559 699 Prelier
1577 674 1608 708 p.
1625 665 1703 699 183.
1741 664 1919 698 Praeterea
1943 663 2044 698 etiam

180 716 367 749 nominatur
391 711 562 761 α’γρευτάς
589 716 682 759 (Oed.
709 718 777 752 Coi.
809 719 917 761 1091)
952 724 986 754 et
1016 718 1239 766 εὐφαρέτρας
1265 722 1398 765 (Trach.
1425 721 1524 765 208).
1574 721 1689 765 Apollo
1722 714 1851 758 omnino
1877 723 1929 755 est
1961 720 2043 754 deus

178 771 327 806 tutelaris
353 774 407 815 qni
432 773 585 808 homines
612 782 632 807 a
655 774 756 808 rebus
783 775 932 810 adversis
958 777 1106 812 defendit
1131 774 1413 824 (προστατήριος
1437 778 1485 812 Ε1.
1507 779 1579 812 637
1603 779 1671 812 sive
1694 772 1906 822 προστάτας
1924 776 2044 810 Trach.

180 828 267 872 209)
295 831 330 863 et
353 829 477 864 morbis
503 831 654 866 medetur
680 828 817 876 (Παιάν
842 832 918 868 Oed.
944 834 1012 869 Rex
1041 835 1109 869 154
1134 838 1173 870 et
1199 830 1288 881 ι’ήϊος
1313 835 1391 869 ibid.
1417 837 1452 869 et
1480 833 1602 878 1097).
1652 834 1879 869 Praesentiam
1902 834 2044 868 numinis

181 888 232 920 sui
257 886 444 922 hominibus
469 887 571 923 facile
607 891 714 932 aperit
741 884 947 934 (εὕγνωστος
997 892 1047 935 Aj.
1074 892 1173 935 704).
1224 892 1372 935 Denique
1405 892 1606 927 vaticinandi
1629 891 1774 927 facultas
1798 891 1874 926 hnic
1897 891 1960 926 deo
1985 891 2043 925 iri-

180 945 288 980 bnitur
321 945 476 988 epithetis
501 942 663 990 ἑνόλμιος
697 947 754 993 (fr.
782 948 869 993 875)
906 950 994 992 quod
1018 949 1104 985 idem
1136 952 1191 984 est
1223 953 1324 994 atque
1347 945 1516 995 μαντικός
1550 949 1591 985 cf.
1625 949 1739 994 Steph.
1770 948 1869 985 Thes.
1902 958 1931 983 s.
1955 957 1986 983 v.
2010 950 2045 984 et

181 1002 316 1043 Λοξίας
343 1003 403 1046 (ΕΙ.
431 1005 486 1038 82.
538 1004 615 1039 Oed.
641 1005 713 1039 Rex
738 1007 820 1050 410,
847 1006 934 1049 853)
962 1016 1026 1050 quo
1052 1007 1300 1050 ambiguitatem
1325 1007 1502 1043 effatorum
1525 1009 1598 1051 ejus
1621 1008 1788 1049 designari
1811 1009 1927 1042 notum
1950 1009 2012 1042 est.

998 1079 1033 1115 4.
1062 1073 1232 1125 ἸΑρτεμιις.

279 1142 397 1177 TrIbus
422 1143 506 1177 iocis
533 1144 718 1187 Sophocles
753 1145 792 1180 de
827 1147 950 1188 origine
983 1145 1085 1189 hujus
1112 1145 1192 1181 deae
1217 1145 1372 1188 loquitur.
1422 1144 1457 1179 in
1484 1145 1560 1180 Oed.
1585 1146 1665 1187 Reg.
1696 1147 1764 1180 160
1796 1145 1938 1189 appellat
1970 1153 2045 1179 eam

181 1197 363 1244 ἅδελφεοέν
393 1195 564 1244 Ἀθάνας,
590 1202 624 1236 in
658 1201 736 1236 Oed.
763 1202 831 1237 Col.
862 1204 954 1237 1092
986 1198 1203 1249 κασιγνήταν
1226 1198 1439 1241 ’Λπόλλωνος
1472 1205 1506 1237 et
1536 1204 1570 1237 in
1595 1201 1713 1236 Trach.
1741 1203 1811 1237 212
1842 1197 2045 1247 ὁμόσπορον

180 1254 401 1296 Ἀπόλλωνος.
417 1276 466 1281 —-
487 1259 576 1293 Hanc
602 1258 698 1293 deam
723 1267 790 1294 una
815 1268 889 1295 cum
913 1260 1019 1294 fratre
1044 1260 1193 1303 Apolline
1217 1261 1249 1294 in
1275 1260 1352 1294 Deio
1378 1260 1487 1294 insuia
1511 1262 1625 1294 natam
1650 1267 1728 1293 esse
1753 1259 1875 1293 indicat
1899 1260 2043 1308 epitheto

178 1312 336 1360 Ὀρτυγία
370 1315 506 1359 (Trach.
542 1315 628 1359 212)
665 1317 753 1360 quod
786 1318 955 1361 antiquum
980 1317 1051 1351 Deli
1083 1325 1201 1352 nomen
1233 1316 1341 1352 fuisse
1379 1320 1522 1352 constat.
1572 1316 1726 1351 Potentia
1757 1317 1829 1359 ejus
1862 1315 2045 1351 declaratur

182 1374 377 1415 cognomine
404 1369 580 1406 δέσποινα
607 1372 668 1416 (ΕΙ.
695 1373 783 1416 626)
810 1374 853 1407 cf.
880 1374 1052 1417 epitheton
1077 1370 1243 1417 γαιάοχος
1270 1374 1362 1418 (Oed.
1387 1375 1458 1408 Rex
1484 1372 1578 1417 160).
1617 1373 1710 1408 Sicut
1728 1372 1889 1407 Homerus
1911 1372 2045 1407 Dianam

181 1432 277 1464 vocat
302 1425 410 1475 ἁγνήν
437 1428 485 1472 (Π.
512 1430 545 1473 5,
576 1429 659 1472 123)
689 1431 736 1464 ita
762 1430 943 1474 Sophocles
976 1432 1193 1474 virginitatem
1226 1431 1309 1465 deae
1342 1431 1509 1481 praedIcat
1540 1429 1714 1473 epithetis:
1741 1425 1767 1463 οἱ
1790 1425 1868 1463 αι’ἐν
1897 1425 2046 1475 ἀδμήτα

183 1487 243 1530 (ΕΙ.
273 1485 381 1530 1239)
408 1490 442 1520 et
466 1482 557 1531 κόρα
583 1486 718 1530 (Trach.
746 1486 845 1531 637).
894 1489 997 1523 Porro
1023 1489 1201 1523 Homerum
1225 1490 1280 1533 qui
1305 1497 1380 1522 eam
1404 1484 1587 1534 ἰοχέαιραν
1610 1490 1644 1522 et
1669 1483 1861 1533 α’γροτέρην
1892 1487 2044 1531 appellat,

182 1547 218 1579 in
243 1553 282 1579 eo
308 1547 424 1579 noster
448 1547 548 1588 poeta
573 1547 708 1579 secutus
734 1548 806 1589 est,
841 1546 929 1588 quod
956 1554 1031 1581 eam
1054 1547 1222 1581 venationi
1249 1546 1392 1580 deditam
1424 1545 1597 1581 describit:
1629 1541 1668 1579 Ἀ.
1695 1541 1841 1589 κυναγός
1866 1543 1930 1588 (ΕΙ.
1957 1542 2043 1588 563)

181 1603 447 1636 πυκνοστίκτων
479 1598 616 1641 όπαδός
649 1598 842 1637 ὠκυπόδων
866 1599 1010 1648 ἐλάφων
1044 1603 1139 1648 (Oed.
1167 1603 1236 1638 coi.
1275 1603 1480 1648 1093—94)
1515 1599 1739 1649 ἕλαφαβόλος
1774 1602 1910 1648 (Trach.
1945 1600 2044 1645 214).

183 1661 251 1694 Huc
275 1660 357 1694 illud
383 1668 513 1703 quoque
539 1660 638 1703 hujus
664 1660 746 1694 deae
772 1661 943 1703 epitheton
966 1663 1133 1704 pertinere
1165 1661 1295 1696 videtur
1328 1662 1417 1705 quod
1441 1663 1475 1696 in
1500 1662 1549 1705 Α).
1580 1662 1647 1697 172
1672 1662 1854 1704 reperimr:
1878 1657 1920 1694 Ἄ.
1950 1660 2044 1693 Ταυ-

182 1714 323 1764 ροπόλα
347 1719 368 1752 1.
395 1727 422 1752 e.
456 1727 539 1762 quae
565 1718 636 1753 fero
671 1721 768 1753 tauro
802 1719 978 1753 invehitur.
1013 1719 1062 1754 Cf.
1088 1719 1216 1753 Preller
1239 1729 1270 1763 p.
1294 1720 1371 1754 194.
1398 1719 1601 1755 Schneidew.
1637 1719 1680 1753 ad
1708 1718 1741 1752 h.
1767 1718 1790 1752 Ι.
1815 1737 1865 1743 -
1887 1717 2044 1762 Epitheto

183 1773 390 1821 ἀμφίπυρος
417 1775 551 1819 (Trach.
579 1774 665 1819 214)
694 1776 853 1811 ambabus
882 1776 1035 1811 manibus
1067 1777 1162 1811 faces
1195 1780 1332 1820 gestans
1365 1785 1426 1821 per
1449 1780 1579 1812 montes
1602 1777 1717 1819 vagari
1742 1776 1957 1818 significatur.
1995 1775 2044 1810 Cf.

184 1834 261 1867 Oed.
296 1834 367 1867 Rex
393 1834 604 1867 206—207:
638 1830 703 1872 τάς
734 1845 774 1867 τε
806 1830 1012 1880 πυρφόρους
1035 1831 1232 1881 Ἀρτέμιδος
1266 1832 1401 1878 αἴγλας,
1426 1831 1490 1875 ξΰν
1515 1828 1571 1873 αἷς
1595 1830 1699 1869 Λύκι’
1722 1828 1810 1879 ὄρεα
1834 1828 1977 1879 διᾴσσει
2002 1832 2044 1866 cf.

185 1892 390 1928 Schneidew.
418 1891 460 1926 ad
486 1892 519 1926 11.
544 1892 564 1926 l.
591 1911 639 1916 —
663 1893 742 1927 Eam
767 1901 835 1927 non
860 1892 966 1927 solum
1000 1892 1168 1937 venando,
1203 1892 1261 1927 sed
1294 1893 1394 1927 etiam
1425 1892 1639 1928 muliebribus
1675 1891 1816 1936 opificiis
1851 1893 2046 1934 occupatam

184 1959 278 1994 esse,
304 1950 431 1983 indicat
458 1952 558 1992 poeta
591 1950 739 1992 epitheto
773 1946 1047 1996 χρυσαλάκατος
1075 1950 1210 1993 (Tracb.
1237 1949 1323 1992 637)
1351 1950 1438 1993 quod
1459 1951 1530 1993 jam
1563 1950 1651 1993 apud
1675 1950 1850 1984 Homerum
1874 1949 2045 1992 reperitur.

183 2008 218 2042 ii.
248 2010 302 2052 16,
333 2009 411 2042 183.
464 2006 521 2041 011.
548 2008 582 2051 4,
612 2005 710 2051 122).

1028 2066 1061 2099 5.
1089 2060 1201 2112 Ἄρης.

281 2130 381 2165 Multo
406 2130 516 2165 rarior
538 2128 639 2173 hujus
666 2128 717 2164 dei
742 2129 779 2164 iit
801 2129 923 2165 mentio
947 2128 1035 2173 apud
1051 2128 1253 2173 Sophoclem
1277 2136 1374 2173 quam
1399 2128 1487 2172 apud
1508 2128 1692 2172 Homerum,
1717 2128 1751 2163 id
1768 2128 1854 2173 quod
1875 2137 1918 2163 ex
1942 2128 2045 2163 diver-

184 2191 232 2224 sis
258 2189 439 2223 carminum
473 2188 677 2230 argumentis
710 2189 900 2222 necessario
933 2188 1090 2231 sequitur.
1115 2206 1165 2211 --
1188 2186 1239 2221 Ad
1263 2195 1418 2229 magnam
1444 2187 1557 2220 Martis
1590 2187 1774 2229 potentiam
1807 2185 2046 2228 designandam

183 2249 281 2290 pocta
306 2247 410 2280 utitur
442 2244 572 2279 duobus
598 2244 778 2287 epithetis:
810 2240 917 2288 μέγας
945 2244 1033 2288 (Ant.
1072 2243 1156 2287 139)
1183 2247 1217 2278 et
1249 2240 1462 2289 δεξιόσειρος
1490 2242 1579 2287 (Ant.
1613 2242 1696 2286 140)
1724 2244 1811 2286 quod
1834 2245 1970 2286 proprie
2003 2243 2044 2277 de

185 2312 269 2348 equo
295 2303 413 2338 dextro
439 2302 546 2337 funali
571 2302 699 2336 dicitur.
725 2301 774 2336 cf.
787 2302 917 2354 Ellendt
940 2302 1002 2337 lex.
1018 2302 1119 2345 Soph.
1133 2320 1182 2326 ——-
1196 2301 1291 2336 Sicut
1311 2302 1471 2336 Homerus
1485 2301 1623 2336 Martem
1649 2301 1792 2345 appellat
1815 2296 1967 2344 χάλκεον
1993 2299 2043 2344 (ΙΙ.

186 2362 219 2405 5,
246 2360 332 2404 704)
359 2362 407 2395 ita
433 2360 617 2404 Sophocles
644 2367 785 2393 aeneum
811 2360 842 2393 ei
865 2359 1038 2393 thoracem
1062 2359 1175 2393 tribuit
1201 2355 1459 2402 (χαλκοθώραξ
1483 2359 1533 2401 AJ.
1563 2357 1647 2401 179)
1673 2358 1725 2392 vel
1748 2359 1782 2392 in
1808 2366 1846 2392 eo
1870 2358 2045 2393 Homerum

186 2422 321 2455 secutus
347 2419 435 2464 quod
461 2427 535 2454 eum
559 2412 739 2453 Ἐνυάλιον
763 2426 791 2451 s.
817 2415 1011 2452 bellicosum
1028 2418 1177 2453 nominat
1196 2415 1315 2461 (ibid).
1353 2418 1438 2452 Deus
1462 2425 1579 2460 magna
1601 2425 1676 2451 cum
1694 2416 1728 2450 vi
1748 2417 1782 2451 et
1801 2416 1851 2450 ira
1872 2416 1907 2451 in
1928 2415 2043 2452 hostes
