2182 2643
1041 135 1064 170 5

130 255 250 294 „am
272 253 334 297 (Ει
356 251 443 293 175)
469 246 679 297 πωηόγηης
705 249 800 292 (oea.
826 249 893 284 coi.
923 249 1031 292 1085)
1055 245 1076 283 ὅ
1098 246 1166 294 μὲν
1189 238 1251 284 οὖν
1275 247 1364 288 Ζεύς
1389 243 1409 284 3
1433 246 1463 283 τ’
1486 245 1659 284 Ἀπόλλων
1687 245 1823 288 §mma
1847 245 1908 280 καὶ
1933 244 1981 280 w>

128 309 262 361 ρροςῦν
285 305 419 348 εἰδότες
444 308 538 351 (ssed.
563 308 635 344 Rex
659 309 749 349 498)
774 304 845 342 τῶν
868 303 1068 352 μελλόντων
1097 307 1229 352 ταμίας
1255 307 1345 348 (Ter.
1368 307 1411 341 fr.
1437 307 1524 348 515)
1548 310 1581 342 et
1614 308 1649 342 in
1680 306 1743 341 hac
1773 315 1810 341 re
1844 308 1979 340 secutus

126 373 310 412 Homerum,
335 367 392 410 qui
416 364 457 400 de
480 365 560 400 Jove
582 365 766 409 praedicat:
792 361 812 399 ὁ
834 361 901 411 γάρ
929 361 961 398 τ’
983 354 1031 400 εὖ>
1044 358 1142 417 οἶδεν
1165 358 1332 406 ἅπαντα,
1366 361 1495 409 μοῖράν
1526 361 1557 398 τ’
1589 360 1767 410 ἀμμορίην
1800 375 1840 397 τε
1871 374 1979 396 κατα-

127 419 502 473 mane-&effuant
527 422 662 466 (odyss.
688 424 746 467 20,
771 422 933 466 75-76)
959 431 1098 466 eumque
1122 418 1283 470 εὐρύοπα
1306 421 1479 468 Κρονίδην
1504 423 1663 456 nominat.

198 499 201 501 ·
221 483 310 518 Haec
334 489 463 516 summa
487 482 579 517 Jovis
603 483 749 525 potentia
778 483 812 516 in
845 480 997 517 omnibus
1030 480 1131 516 rebus
1163 482 1317 517 humanis
1350 481 1563 524 conspicitur.
1611 480 1659 513 Ad
1684 488 1758 514 eum
1783 478 1980 520 confugiunt

128 549 238 576 omnes
269 538 436 582 supplices
469 538 530 580 (Ζ.
555 534 684 577 ἱκέσιος
709 538 790 572 Phil.
816 539 888 573 484
913 548 939 572 s,
972 534 1097 584 α’ραῖος
1121 538 1203 573 Phil.
1238 536 1360 580 1181.)
1391 537 1434 571 cf.
1459 537 1630 570 Homerica
1662 536 1812 579 epitheta
1844 537 1886 569 Z.
1912 533 1979 568 ἴκε-

126 594 247 644 τήσιος
271 597 306 631 et
329 595 466 636 ξείνιος.
514 595 579 630 Per
602 597 674 639 ejus
697 604 818 631 nomen
837 595 1068 640 jusjurandum
1092 595 1236 631 sollenne
1261 596 1454 638 concipitur.
1492 589 1601 636 (Ζεῦς
1624 586 1739 636 ὅρκιος
1763 592 1846 627 Phil.
1877 594 1978 627 1324.

126 656 168 690 cf.
189 654 347 700 Stephan.
371 653 458 687 thes.
484 662 511 687 s.
535 662 565 687 v.
590 654 662 687 sive
685 649 867 697 ἑπώμοτος
892 653 1011 688 Trach.
1031 654 1151 693 1188).
1188 652 1277 686 idem
1301 654 1353 686 est
1376 654 1536 695 patronus
1561 650 1712 684 domicilii
1736 650 1791 692 (Ζ.
1816 646 1979 693 ἐφέστιος

125 712 176 756 Aj.
201 711 273 746 492
297 720 326 745 s.
349 706 482 756 ἑρκεῖος
498 710 571 745 Ant.
585 710 676 754 48⁷3
702 709 788 745 idem
813 710 914 754 epith.
941 710 1085 745 occurrit
1109 709 1197 754 apud
1212 710 1388 745 Homerum
1412 708 1468 743 0d.
1498 709 1553 752 13,
1580 707 1668 750 213)
1693 709 1728 741 et
1750 707 1980 748 consanguini-

125 771 204 805 tatis
229 770 288 810 (Ζ.
313 764 482 812 ξύναιμος
505 768 579 802 Ant.
605 768 676 803 659
701 778 730 804 s.
753 765 922 814 πατρῷος
946 768 1066 802 Trach.
1092 767 1192 810 288).
1230 766 1413 802 Praeterea
1436 767 1598 801 succurrit
1620 766 1753 800 miseris
1778 767 1813 799 et
1835 763 1980 807 pericula

126 827 245 862 avertit
268 825 328 868 (Ζ.
359 820 542 871 ἆλσξήτωρ
577 825 653 859 Oed.
689 826 757 860 Col.
786 827 854 861 142
887 827 931 860 Ζ.
963 821 1135 872 σωτήριος
1167 824 1287 866 fragm.
1320 824 1402 859 375.
1432 823 1469 858 D.
1495 825 1538 857 Ζ.
1563 820 1790 860 παυσίλυπος
1821 821 1915 862 ibid)
1946 822 1981 854 in

123 883 211 919 bello
243 881 426 917 victoribus
458 882 556 917 adest
586 885 620 917 et
649 883 850 927 triumphum
879 884 921 918 iis
947 883 1050 918 donat
1080 881 1140 925 (Ζ.
1174 881 1346 927 τροπαῖος
1377 882 1451 916 Ant.
1488 881 1556 915 143
1591 879 1709 914 Trach.
1744 877 1844 920 303).
1893 878 1981 912 ldem

125 940 353 976 certaminibus
377 933 512 983 praeest
536 939 596 983 (Ζ.
621 936 765 984 ἀγώνιος
786 941 902 976 Trach.
922 940 997 982 26).
1033 941 1180 984 Denique
1204 941 1332 983 Jupiter
1357 948 1378 974 a
1395 938 1560 982 Sophocle
1583 939 1773 972 nominatur
1790 938 1833 970 Ζ.
1858 932 1981 981 μόριος

125 997 218 1042 (ssed.
243 997 311 1033 Col.
332 998 421 1040 705)
446 998 526 1041 quia
550 997 801 1033 Atheniensium
826 997 905 1034 oleis
930 1000 1086 1043 praeerat,
1105 998 1304 1042 nimiumque
1328 998 1473 1033 calorem
1497 995 1699 1031 defendebat
1723 995 1863 1038 (Preller
1874 1004 1905 1038 p.
1916 994 1979 1036 84)

125 1058 159 1090 et
182 1057 224 1090 Ζ.
257 1051 396 1095 κέναιος
421 1055 559 1096 (Trach.
585 1055 674 1098 238)
699 1055 788 1100 quod
812 1057 847 1091 in
870 1055 998 1091 Cenaeo
1023 1057 1249 1100 promontorio
1274 1054 1425 1091 Euboeae
1448 1054 1574 1090 insulae
1599 1053 1777 1088 colebatur.

221 1113 326 1155 Quum
358 1112 543 1157 Sophocles
574 1115 608 1149 in
639 1115 680 1148 iis
710 1122 796 1158 quae
831 1116 1006 1158 supersunt
1036 1113 1156 1150 fabulis
1187 1114 1326 1149 lunonis
1359 1116 1394 1149 et
1415 1112 1555 1149 vulcani
1587 1118 1750 1155 nusquam
1782 1111 1980 1146 mentionem

124 1170 250 1215 fecerit,
270 1171 343 1215 jam
365 1170 463 1206 nobis
487 1170 650 1213 agendum
673 1173 735 1207 erit
761 1171 801 1206 de
825 1171 966 1207 Minerva
988 1171 1057 1207 filia
1077 1173 1180 1208 Jovis.

948 1241 979 1274 2.
1015 1236 1155 1287 Ἀθήνη.

218 1292 368 1336 Παλλάς
391 1304 576 1339 cognomen
592 1296 681 1340 quod
704 1298 804 1331 toties
830 1296 871 1332 ab
884 1297 1027 1332 Homero
1053 1297 1129 1333 huic
1154 1297 1235 1332 deae
1258 1296 1411 1332 tribuitur
1429 1295 1516 1340 apud
1530 1297 1680 1330 nostrum
1698 1302 1829 1338 quoque
1844 1297 1976 1338 poetam

121 1354 248 1388 duobus
272 1354 355 1388 locis
379 1355 541 1397 reperitur
565 1354 658 1397 (Ant.
676 1355 768 1388 1184
791 1357 825 1389 et
850 1354 928 1389 (led.
953 1355 1022 1390 Col.
1044 1355 1166 1398 1090).
1203 1355 1325 1390 Eodem
1348 1355 1447 1388 modo
1474 1362 1540 1396 quo
1553 1354 1715 1387 Homerus
1740 1353 1877 1395 saepius
1903 1360 1977 1386 eam

120 1410 264 1455 appellat
287 1412 378 1446 Jovis
402 1410 502 1446 filiam
526 1410 596 1454 (Aj.
622 1412 680 1455 91,
706 1412 788 1456 402,
814 1412 897 1456 450,
924 1413 1003 1447 952.
1054 1412 1132 1447 Oed.
1158 1412 1226 1448 Col.
1256 1413 1359 1447 1090.
1394 1411 1472 1446 oed.
1498 1411 1569 1445 Rex
1597 1409 1694 1452 189).
1733 1408 1783 1443 Ad
1808 1411 1979 1443 externam

121 1468 194 1511 ejus
216 1467 361 1512 formam
385 1467 634 1503 describendam
657 1476 725 1504 non
749 1468 858 1504 solum
882 1471 988 1505 utitur
1011 1471 1161 1515 epitheto
1184 1470 1243 1505 illo
1270 1470 1356 1514 apud
1380 1470 1554 1505 Homerum
1579 1468 1849 1511 frequentissimo
1874 1465 1978 1511 γλαυ-

119 1522 231 1565 κῦπις
255 1525 351 1569 (Oed.
376 1525 444 1560 Col.
470 1524 559 1568 706)
585 1526 644 1560 sed
669 1527 771 1561 etiam
796 1527 860 1562 alio
892 1527 980 1572 quod
1014 1528 1101 1572 apud
1123 1528 1300 1563 Homerum
1330 1536 1397 1562 non
1426 1527 1561 1569 legitur:
1595 1522 1768 1571 γοργῶπις
1793 1525 1862 1568 (Aj.
1888 1526 1977 1565 450)

119 1583 154 1619 id
179 1587 232 1620 est
255 1586 372 1629 „torva
404 1582 537 1620 tuens.“
559 1602 609 1609 —-
632 1584 810 1620 Praeterea
838 1585 953 1621 tribuit
980 1585 1058 1622 huic
1090 1586 1174 1622 deae
1199 1586 1371 1632 epitheton
1402 1581 1539 1632 χρυσέα
1562 1584 1655 1626 (Oed.
1680 1584 1752 1618 Rex
1780 1582 1865 1626 189)
1890 1582 1980 1628 quod

121 1642 209 1685 apud
232 1642 410 1677 Homerum
432 1642 569 1677 Veneris
592 1645 760 1687 proprium
785 1646 848 1677 est.
899 1643 1003 1693 Quum
1027 1644 1169 1679 Minerva
1193 1653 1321 1679 summo
1347 1644 1434 1687 apud
1457 1644 1672 1678 Athenienses
1698 1642 1826 1676 honore
1852 1642 1976 1676 colere-

120 1702 185 1744 tur,
207 1708 329 1744 magna
353 1709 426 1736 cum
450 1702 631 1736 reverentia
654 1701 855 1736 mentionem
880 1701 954 1744 ejus
977 1700 1070 1736 facit.
1121 1701 1208 1743 Quae
1240 1702 1306 1737 huc
1329 1702 1492 1746 pertinent
1523 1700 1670 1744 epitheta
1706 1702 1800 1734 sunt:
1827 1698 1891 1733 δῖα
1915 1699 1979 1743 (Aj.

122 1758 203 1801 757,
217 1758 299 1792 771.
324 1758 369 1793 ef.
389 1758 524 1793 Homeri
550 1757 612 1792 δῖα
635 1755 760 1793 eadm
784 1759 818 1793 ιι.
846 1760 879 1803 0,
900 1759 988 1801 305)
1014 1753 1160 1794 ἄνασσα
1184 1759 1249 1803 (Aj.
1275 1759 1363 1801 774)
1387 1756 1486 1805 δεινή
1510 1759 1576 1802 (Δ).
1603 1759 1674 1793 952
1699 1758 1742 1792 ef.
1767 1753 1867 1803 δεινή
1891 1753 1980 1796 θεός

119 1813 153 1849 11.
187 1816 228 1860 6,
261 1815 350 1866 680)
384 1811 520 1862 α’λκίμα
552 1816 620 1860 (Aj.
653 1816 742 1860 401)
767 1813 953 1863 α’δάματος
987 1816 1054 1862 (Aj.
1080 1817 1168 1860 450)
1202 1826 1267 1862 quo
1303 1817 1447 1862 epitheto
1480 1816 1577 1851 simul
1608 1817 1785 1859 virginitas
1819 1816 1980 1850 Minervae

120 1872 343 1918 praedicatur,
375 1869 553 1920 ἄμβροτος
579 1874 676 1918 (Oed.
701 1875 771 1910 Rex
800 1876 886 1918 159)
911 1876 1059 1922 μεγίστη
1085 1875 1182 1919 (Oed.
1207 1875 1276 1910 Col.
1306 1875 1390 1918 107)
1422 1871 1537 1919 σεμνά
1563 1874 1660 1917 (Oed.
1687 1874 1755 1909 Col.
1785 1874 1908 1916 1090).
1935 1873 1978 1907 cf.

121 1929 327 1966 Homericum
361 1932 462 1976 epith.
496 1927 629 1967 πότνια
660 1932 695 1967 ll.
731 1934 771 1978 6,
803 1933 884 1968 305.
934 1933 1073 1968 Restant
1103 1935 1167 1969 tria
1196 1933 1342 1978 epitheta
1373 1941 1458 1977 quae
1491 1933 1669 1968 Minervam
1700 1935 1859 1976 tanquam
1889 1931 1979 1967 urbis

121 1987 321 2025 Athenarum
346 1994 381 2026 et
405 1994 512 2026 terrae
524 1991 651 2026 Atticae
672 1994 845 2035 patronam
869 1991 1048 2027 celebrant.
1086 1992 1187 2033 Quum
1208 1993 1293 2027 enim
1311 1992 1372 2026 dea
1393 1994 1525 2035 propter
1548 1992 1717 2026 victoriam
1733 1990 1773 2026 de
1785 1989 1979 2032 Gigantibus

120 2049 324 2089 reportatam
348 2049 384 2083 in
407 2048 629 2093 pulcherrimo
654 2048 778 2094 templo
805 2049 846 2084 ab
860 2049 1117 2085 Atheniensibus
1143 2048 1315 2094 coleretur,
1340 2048 1480 2084 sollenni
1505 2049 1699 2092 cognomine
1715 2047 1808 2095 Νίκη
1832 2047 1980 2091 appella-

121 2106 174 2139 tur
197 2104 294 2148 (Phil.
324 2106 409 2151 134)
434 2109 606 2152 praeterea
628 2103 766 2148 Πολιάς
791 2106 900 2151 (ibid.)
926 2109 1003 2153 quia
1027 2117 1135 2145 arcem
1159 2100 1359 2144 Athenarum
1391 2107 1562 2144 incolebat
1586 2109 1621 2142 et
1642 2103 1766 2142 Ἱππία
1790 2106 1885 2151 (Oed.
1912 2106 1977 2143 cot.

126 2164 234 2205 1070)
260 2165 351 2209 quod
374 2165 469 2201 simul
494 2174 569 2200 cum
580 2165 726 2209 Neptuno
753 2165 990 2201 certaminibus
1017 2165 1222 2210 equestribus
1246 2169 1402 2210 praeerat
1426 2168 1460 2202 et
1482 2174 1556 2201 cum
1579 2165 1635 2201 illo
1657 2166 1692 2200 in
1715 2165 1834 2200 eodem
1857 2165 1978 2208 templo

120 2229 225 2267 prope
250 2221 408 2260 Colonum
432 2223 605 2261 colebatur.
643 2223 787 2265 (Preller
810 2232 844 2268 p.
874 2224 953 2269 136,
982 2223 1078 2266 142.)

925 2292 958 2325 3.
981 2286 1172 2326 Ἀπόλλων.

217 2347 308 2383 Hunc
325 2348 420 2384 deum
437 2350 563 2394 pariter
580 2351 678 2394 atque
690 2348 867 2385 Minervam
886 2350 963 2385 Jove
981 2349 1151 2385 oriundum
1169 2358 1246 2385 esse
1266 2352 1364 2394 poeta
1387 2349 1538 2393 designat
1554 2349 1681 2385 verbis:
1701 2345 1721 2384 ὁ
1739 2346 1825 2389 Διὸς
1838 2345 1980 2393 γενέτας

123 2404 219 2445 (oed.
244 2405 316 2441 Rex
339 2408 440 2449 470).
491 2406 593 2442 Simul
624 2406 754 2442 duobus
784 2406 868 2443 locis
899 2409 1097 2444 notissimae
1121 2407 1213 2444 illius
1245 2408 1371 2444 insulae
1394 2410 1591 2445 mentionem
1614 2408 1695 2444 facit
1726 2407 1782 2443 ubi
1813 2410 1847 2443 in
1877 2408 1980 2443 lucem
