2182 2643
987 128 1031 166 11

88 248 108 286 ὅ
129 245 224 284 κάτω
247 242 335 285 θεός
360 245 425 289 (Aj.
451 245 539 288 5⁹71)
562 240 655 284 ’Ζεύς
677 240 825 287 χθόνιος
850 243 943 288 (0011.
969 245 1038 281 Col·
1058 245 1167 288 1808)
1192 244 1270 289 quia
1294 244 1410 279 eadem
1433 245 1580 288 potentia
1603 243 1692 287 apud
1715 243 1844 278 inferos
1868 242 1935 278 frui

87 303 278 343 credebatur
300 308 367 348 qua
389 303 519 346 Jupiter
542 303 577 336 111
599 301 737 337 coelesti
762 311 864 345 regno
888 300 948 345 (cf.
974 299 1064 342 Ζεύς
1080 297 1326 345 ’καταχθόνιος
1349 302 1384 336 11.
1412 304 1445 346 9,
1469 300 1566 345 457).
1603 301 1728 337 Preiler
1745 311 1776 345 p.
1790 302 1871 336 494.
1886 319 1934 325 —

88 363 280 399 Rectissime
304 362 407 403 igitur
431 361 520 394 sicut
543 360 694 394 Bacchus
719 369 739 394 a
765 360 933 403 Sophocle
958 362 1009 395 ita
1032 360 1129 395 Pluto
1154 359 1195 393 ab
1219 359 1299 393 aliis·
1319 360 1424 402 poetis
1448 355 1674 403 πολυώνυμος
1698 357 1876 393 dicebatur.

181 419 302 454 Omnes
333 416 493 452 mortales
526 417 667 460 imperio
699 417 773 460 ejus
806 417 976 461 subjectos
1013 408 1099 451 esse*
1127 411 1228 460 poeta
1265 414 1412 449 declarat
1447 411 1652 454 πολύκωνος
1683 416 1831 458 epitheto
1866 416 1933 459 (Aj.

92 477 210 520 1193).
259 474 403 510 Eandem
427 475 494 509 vim
517 473 641 509 habent
664 481 749 517 quae
773 474 927 516 leguntur
951 475 986 509 in
1009 474 1117 516 Antig.
1143 474 1234 508 8⁰4:
1259 472 1453 516 παγκοίτας
1478 466 1626 515 (Ἃιδου)
1649 469 1819 517 θάλαμος
1842 476 1878 508 et
1900 474 1936 507 ia

87 536 132 570 El.
161 535 247 569 138:
271 528 365 567 ma
387 527 575 577 πάγκοινος
600 529 718 576 λίμνα.
755 530 804 566 Cf.
831 532 981 575 epitheta
1005 531 1176 567 Homerica
1200 526 1381 575 ἀμείλιχος
1403 526 1460 577 ἠδ’
1483 525 1691 574 ἀδάμαστος
1716 530 1767 572 (il.
1789 532 1823 574 9,
1849 531 1934 573 158)

87 587 253 638 καρτερός
278 589 326 633 (ll.
356 591 410 634 13,
436 590 525 632 415)
549 592 585 623 et
609 587 763 634 ἴφθιμος
788 589 863 631 (011.
893 591 947 633 10,
973 589 1070 632 534).
1119 589 1261 632 Propter
1284 589 1369 624 hane
1399 587 1607 623 mortiferam
1638 590 1791 622 naturam
1815 587 1936 622 dicitur

87 651 187 685 etiam
218 644 340 694 φόνιος
365 646 458 689 (Oed.
484 646 551 681 Col.
582 647 699 690 1689).
749 647 900 689 Regnum
923 646 1074 681 Plutonis
1107 645 1316 681 tenebrosum
1345 654 1421 680 esse
1447 644 1628 688 Sophocles
1652 645 1807 688 exprimit
1829 644 1936 679 tribus

87 707 261 752 epithetis:
292 701 333 739 a.
357 700 469 749 μέλας
495 704 589 747 (Oed.
620 705 691 739 Rex
716 705 779 748 29)
812 699 952 748 ἐ’ννυχος
977 704 1111 747 (Trach.
1137 704 1225 747 501)
1250 699 1397 750 ἀίδηλος
1421 703 1486 746 (Aj.
1512 702 1609 745 009).
1660 702 1753 736 Sicut
1775 702 1935 736 Homerus

86 765 255 800 Plutonem
288 758 453 808 στυγερόν
486 762 538 805 (ΙΙ.
574 764 607 807 8,
644 762 732 806 365)
770 764 817 798 ita
853 765 966 798 noster
998 765 1097 807 poeta
1129 757 1339 808 ἀπότροπον
1372 762 1516 797 nominat
1552 760 1620 804 (ΑΙ.
1659 759 1756 803 609).
1814 759 1935 794 Contra

86 821 253 857 Herculem
278 821 333 864 qui
358 821 468 854 saevis
493 821 699 854 excruciatus
724 820 896 855 doloribus
922 822 1005 855 mori
1032 821 1124 864 cupit
1146 820 1198 854 his
1226 820 1336 855 verbis
1361 819 1519 853 auxilium
1539 818 1688 852 Plutonis
1708 817 1936 860 implorantem

85 880 181 915 facit:
207 867 236 913 ὦ
257 872 382 923 γλυκύς
396 869 527 920 Ἅιδας,
548 871 710 922 εὔνασον,
727 871 878 914 silvam
891 873 1059 925 ὠκυπέτα
1073 873 1173 924 μόρῳ
1188 874 1251 913 τὸν
1263 873 1388 922 μέλεον
1404 877 1547 923 φθίσας
1568 875 1704 919 (Trach.
1722 875 1936 918 1040—43).

797 980 829 1014 7.
866 975 1013 1026 Ἐρινύες
1036 978 1098 1015 καὶ
1121 980 1223 1027 Δίκη.

179 1051 293 1085 Furiae
318 1059 403 1094 quae
423 1052 496 1094 jam
520 1051 607 1094 apud
632 1051 805 1086 Homerum
828 1051 990 1087 maleficia
1014 1054 1189 1096 impiorum
1212 1053 1383 1087 hominum
1406 1052 1610 1086 ulciscuntur
1634 1051 1685 1093 (ΙΙ.
1710 1053 1743 1094 9,
1765 1051 1846 1084 454.
1880 1050 1936 1084 011.

90 1110 143 1152 15,
169 1109 255 1152 234;
281 1103 339 1151 20,
365 1107 428 1151 78)
454 1116 474 1142 a
500 1108 664 1151 Sophocle
696 1111 796 1152 poeta
826 1110 977 1152 inprimis
1001 1110 1059 1153 pio
1090 1110 1285 1153 saepissime
1317 1111 1622 1144 commemorantur.
1672 1107 1791 1141 Divina
1823 1114 1937 1141 earum

87 1166 179 1207 origo
204 1164 411 1207 significatur
436 1166 581 1208 epitheto
607 1161 706 1199 θεῶν
730 1165 858 1205 παῖδες
883 1165 948 1208 (ΕΙ.
977 1166 1071 1209 112).
1120 1166 1170 1200 Ad
1194 1174 1351 1208 magnam
1376 1175 1459 1209 quae
1482 1158 1526 1200 iis
1550 1165 1687 1200 debetur
1718 1165 1938 1198 reverentiam

86 1222 331 1266 exprimendam
356 1224 499 1267 quatuor
523 1222 606 1257 locis
631 1231 689 1258 eas
715 1223 861 1267 appellat
885 1219 1017 1269 σεμνάς
1041 1222 1108 1268 (Aj.
1135 1224 1215 1258 837.
1252 1223 1297 1257 ΕΙ.
1326 1224 1402 1258 112.
1453 1223 1529 1258 Oed.
1555 1222 1624 1258 Col.
1650 1223 1811 1266 89—903
1837 1221 1934 1264 458).

89 1280 190 1315 Poeta
214 1281 362 1315 nominat
395 1289 452 1315 eas
484 1281 631 1323 virgines
664 1282 807 1316 maxima
840 1281 1009 1316 celeritate
1041 1281 1211 1325 praeditas
1242 1263 1546 1324 (τανυπόδας(Α].
1581 1281 1652 1315 837
1680 1280 1825 1324 ταχείας
1858 1279 1935 1318 ibid,

88 1339 165 1372 843.
213 1333 344 1384 Ἐρινύς
367 1332 551 1378 πολύπους
582 1336 644 1372 καὶ
675 1335 847 1385 πολύχειρ
873 1338 936 1381 (ΕΙ.
969 1338 1156 1381 489-90)
1188 1346 1274 1382 quae
1309 1339 1419 1373 omnia
1450 1338 1616 1374 hominum
1647 1338 1799 1372 facinora
1826 1336 1938 1372 vident

87 1391 158 1438 (αέὶ
181 1392 314 1443 ὁρῶσαι
338 1393 461 1432 πάντα
484 1394 551 1432 τᾰν
574 1393 714 1442 βρότοις
738 1393 849 1443 πάθη
876 1397 924 1441 Aj.
953 1397 1040 1440 836)
1064 1399 1100 1443 et
1123 1397 1264 1440 injurias
1290 1396 1457 1432 hominum
1481 1397 1655 1440 impiorum
1680 1404 1779 1439 saepe
1803 1394 1934 1439 quidem

86 1453 231 1497 tardius,
255 1463 367 1488 verum
392 1463 431 1489 eo
457 1456 591 1497 gravius
626 1457 850 1498 exsequuntur
875 1454 1049 1498 (ποίνιμοι
1073 1454 1126 1497 Aj.
1152 1455 1222 1488 843
1246 1450 1392 1499 μνήμων
1417 1454 1465 1496 Aj.
1495 1455 1588 1488 1390
1612 1451 1813 1500 λωβητῆρες
1836 1448 1936 1486 tiete-

86 1506 267 1558 ροφθόροι
279 1511 353 1546 Ant.
372 1513 464 1547 1074
490 1507 515 1546 οἳ
538 1511 663 1553 δεινοῖς
687 1507 914 1559 κρυπτόμενα
937 1507 1064 1555 λόχοις,
1088 1506 1289 1555 χαλκόπους
1312 1506 1443 1558 Ἐρινύς
1466 1510 1513 1545 El.
1535 1510 1729 1554 490—91).
1767 1510 1935 1545 Furiarum

87 1566 260 1602 vindictam
285 1570 448 1603 neminem
472 1569 618 1611 effugere
643 1578 747 1612 posse
771 1573 874 1612 poeta
899 1570 1054 1612 exprimit
1078 1569 1208 1603 verbis:
1237 1565 1454 1614 μετάδρομοι
1486 1565 1602 1602 κακῶν
1632 1565 1937 1614 πανουργημάτων

87 1618 235 1670 ἄφυκτοι
267 1621 368 1666 κύνες
400 1626 464 1669 (ΕΙ.
500 1626 716 1671 1387-88).
773 1626 842 1661 Hae
877 1625 958 1661 deae
991 1627 1026 1661 in
1060 1625 1135 1662 Oed.
1169 1625 1239 1662 Col.
1272 1627 1341 1662 458
1375 1625 1526 1662 dicuntur
1558 1621 1749 1674 δημοῦχοι,
1783 1627 1861 1671 quia
1894 1625 1936 1660 ab

87 1683 339 1718 Atheniensibus
365 1688 399 1719 et
423 1686 575 1727 inprimis
600 1685 640 1718 ab
665 1685 782 1719 incolis
807 1686 883 1728 pagi
897 1685 1035 1719 Colonei
1060 1686 1094 1718 111
1112 1684 1300 1719 clarissimo
1317 1685 1372 1720 illo
1397 1694 1525 1719 nemore
1546 1685 1706 1726 religiose
1732 1685 1936 1719 colebantur.

180 1740 324 1784 Cognata
336 1741 506 1776 Furiarum
531 1744 565 1777 et
590 1750 662 1777 cum
686 1742 729 1777 iis
755 1745 827 1777 arte
852 1743 1027 1786 conjuncta
1051 1744 1104 1776 est
1116 1741 1207 1788 Δίκη
1236 1741 1309 1786 dea,
1333 1741 1401 1776 filia
1416 1742 1519 1786 JoviS‚
1545 1749 1629 1785 quae
1655 1741 1743 1785 apud
1759 1741 1936 1776 Homerum

88 1798 217 1840 quidem
240 1799 385 1834 nondum
410 1800 570 1841 dignitate
596 1800 680 1834 deae
705 1800 839 1845 gaudet,
865 1804 980 1835 contra
1004 1809 1024 1835 a
1048 1803 1165 1834 nostro
1190 1803 1288 1844 poeta
1313 1801 1396 1834 satis
1420 1800 1613 1842 frequenter
1638 1799 1703 1833 diis
1728 1803 1938 1834 anumeratur

87 1856 203 1900 pieque
237 1856 364 1893 colitur.
422 1857 595 1902 Imperium
629 1867 724 1892 suum
757 1860 908 1893 excercet
941 1860 976 1892 et
1008 1857 1097 1901 apud
1130 1857 1207 1893 deos
1244 1855 1382 1902 superos
1416 1852 1595 1903 (ξύνεδρος
1628 1853 1743 1904 Ζηνός
1777 1853 1937 1904 ἄρχαίοις

86 1909 204 1956 νόμοις
230 1914 306 1949 Oed.
331 1914 396 1950 col.
426 1915 533 1958 1382)
558 1917 592 1949 et
617 1915 704 1958 apud
735 1915 858 1950 inferos
885 1911 1057 1957 (ξύνοικος
1090 1912 1160 1949 τῶν
1191 1911 1288 1948 κάτω
1316 1912 1413 1949 θεῶν
1438 1916 1510 1950 Ant.
1536 1916 1634 1958 451).
1684 1916 1720 1950 111
1753 1916 1819 1951 alto
1851 1916 1937 1951 solio

87 1969 206 2005 sedens
240 1966 398 2019 (ὑψηλόν
427 1972 538 2012 Δίκας
570 1968 716 2018 βάθρον
749 1973 822 2007 Ant.
857 1973 945 2017 854)
986 1974 1097 2009 aureis
1139 1973 1243 2009 oculis
1283 1973 1433 2016 praedita
1466 1968 1632 2019 (χρύσεον
1663 1967 1764 2018 ὄμμα
1801 1973 1842 2008 fr.
1877 1974 1938 2016 11)

83 2027 160 2069 jura
184 2028 290 2064 divina
314 2032 429 2064 sancte
453 2032 563 2065 tuetur
588 2022 703 2072 (ὅσιον
727 2026 820 2075 φάος
845 2030 951 2074 ibid).
1000 2031 1178 2066 Praeterea
1208 2032 1390 2065 nominatur
1414 2038 1435 2064 a
1457 2033 1558 2074 poeta
1587 2028 1818 2076 παλαίφατος
1843 2030 1938 2073 (Oed.

87 2084 153 2119 Coi.
170 2087 278 2131 1381)
304 2089 381 2132 quia
407 2088 542 2122 Justitia
566 2087 642 2122 inde
668 2087 708 2122 ab
733 2089 828 2124 initio
852 2088 1040 2124 hominibus
1065 2088 1219 2123 divinitus
1243 2088 1388 2123 revelata
1414 2091 1486 2133 est;
1510 2084 1724 2135 τελεσφόρος
1745 2088 1811 2132 (Aj.
1829 2088 1938 2131 1390)

87 2145 120 2177 et
144 2145 304 2190 ποίνιμος
328 2145 462 2188 (Trach.
478 2146 565 2188 808)
592 2145 677 2189 quod
701 2146 862 2181 maleficia
886 2146 1075 2190 ulciscitur3
1102 2145 1237 2189 denique
1261 2141 1459 2192 πρόμαντις
1485 2145 1547 2189 (El.
1574 2146 1661 2189 475)
1687 2146 1776 2191 quod
1800 2147 1936 2182 somniis

86 2200 197 2237 futura
220 2203 396 2247 portendit.

773 2277 804 2309 8.
832 2269 968 2315 ‘'rmog
992 2273 1054 2309 καὶ
1077 2271 1251 2313 Θάνατος.

182 2345 324 2381 Somnus
349 2355 478 2392 quoque
504 2350 539 2382 et
554 2348 649 2392 Mors,
675 2349 731 2392 qui
752 2349 823 2391 jam
849 2348 890 2382 ab
916 2348 1056 2382 Homero
1081 2355 1142 2390 pro
1170 2347 1233 2382 diis
1256 2347 1420 2382 habentur
1437 2348 1486 2389 (11.
1505 2349 1558 2391 14,
1574 2348 1661 2391 233)
1682 2350 1717 2382 et
1737 2347 1942 2393 κασίγνητοι

89 2399 239 2439 dicuntur
275 2403 326 2448 (11.
355 2406 418 2451 14,
456 2405 562 2451 231),
602 2413 623 2440 a
660 2405 822 2451 Sophocle
861 2405 981 2441 divinis
1019 2404 1201 2441 honoribus
1241 2405 1445 2441 adiciuntur.
1471 2424 1520 2430 —
1544 2406 1586 2440 Et
1623 2405 1765 2442 Somnus
1806 2405 1939 2451 quidem
