2182 2643
1035 112 1057 151 ⁷.

124 232 277 270 adversos
301 226 397 261 irruit
423 220 586 269 (θούριος
610 224 661 267 Aj.
691 226 772 268 613,
805 222 1007 271 δυςέριστον
1039 218 1131 269 αἷμα
1163 222 1286 270 φυσῶν
1311 226 1358 258 El.
1388 225 1494 268 1385)
1521 235 1577 260 eos
1608 227 1741 260 terribili
1766 235 1846 259 voce
1871 226 1970 266 fugat

124 281 333 336 (χαλκοβόας
357 282 531 326 θεᾷ..,()01.
562 282 653 321 1045
680 285 713 318 et
736 279 948 331 περιβόητος
974 283 1048 319 Oed.
1074 283 1145 319 Rex
1173 285 1250 318 191.
1281 282 1325 317 cf.
1350 283 1495 327 epitheta
1519 284 1689 319 Homerica
1712 279 1969 328 χαλκεόφωνος,

120 339 307 390 βριήπυος)
335 343 567 383 cruentamque
601 342 751 381 stragem
779 340 866 387 facit
896 341 1046 385 (φοίνιος
1070 341 1118 374 El.
1145 343 1202 374 96.
1226 341 1269 374 cf.
1293 337 1333 373 Ἀ.
1357 337 1544 384 μιαιφόνος
1575 342 1612 377 ΙΙ.
1640 344 1704 389 21,
1731 340 1829 384 402).
1880 341 1969 374 Deus

120 404 154 437 in
178 400 251 435 Ant.
277 399 347 434 970
373 396 491 433 dicitur
523 391 726 441 ᾰγχίπολις,
759 397 873 432 accola
899 396 1118 442 (Salmydessi
1139 394 1250 440 urbis)
1284 399 1423 440 propter
1445 397 1599 432 bellicam
1625 398 1787 432 Thracum
1811 397 1971 431 ferociam

120 469 149 497 v.
174 456 302 492 Ellendt
324 455 388 489 lex.
430 453 532 497 Soph.
557 463 585 487 s.
611 463 641 488 v.
665 472 715 478 -—
737 455 913 491 Praeterea
936 455 1123 500 Sophocles
1155 456 1258 490 diram
1290 455 1385 498 illam·
1409 458 1534 498 pestem
1558 454 1662 499 {quam
1693 457 1728 490 in
1759 457 1864 499 primo
1891 454 1969 489 Oed.

76 518 78 521 ’
121 516 203 558 Reg.
225 512 354 548 cantico
379 509 596 558 viridissimis
618 510 784 547 coloribus
810 511 967 551 describit
987 511 1122 548 aliarte
1149 511 1211 546 deo
1237 511 1327 546 ducit
1349 520 1486 556 eumque
1509 515 1683 554 propterea
1704 514 1852 547 nominat
1867 507 1971 556 ’Ἀρεα

119 568 283 618 μάλιρον,
307 562 463 612 ἅχαλκον
488 563 652 604 α’σπιᾌων
677 567 769 613 (Oed.
793 570 866 605 Rex
893 567 977 613 190)
1003 577 1034 603 v.
1058 568 1182 605 Preller
1204 578 1238 613 p.
1265 570 1345 604 206.

916 643 948 675 6.
984 637 1178 687 Ἀφροδίτη.

213 708 386 743 Multorum
410 708 663 750 cognominum,
695 706 813 750 quibus
838 708 948 742 Venus
980 708 1042 742 dea
1066 707 1308 750 insigniebatur
1334 704 1492 751 (πολλῶν
1517 704 1699 752 ὀνομάτων
1723 703 1904 751 ἐπώνυμος
1929 708 1971 741 i'r.

119 764 205 809 678)
240 765 302 799 duo
333 765 463 797 tantum
496 763 584 806 apud
618 764 815 807 Sophoclem
846 766 1062 808 reperiuntur.
1121 765 1266 799 Primum
1300 765 1381 799 illud
1409 766 1480 807 jam
1512 775 1553 799 ex
1584 766 1725 799 Homero
1762 766 1972 798 notissimum

118 819 254 869 Κύπρις
279 820 414 864 (Trach.
441 820 522 864 498,
551 818 638 864 515)
664 824 838 865 praeterea
862 817 1047 868 Κυθέρεια
1072 821 1128 866 (fr.
1156 820 1253 864 879).
1303 821 1439 856 Omnino
1464 824 1606 864 quatuor
1630 824 1757 855 tantum
1781 820 1864 855 locis
1889 821 1972 854 haec

117 881 179 916 dea
203 880 224 915 a
254 880 354 923 poeta
387 882 666 913 commemoratur.
716 879 764 914 Ad
797 883 1004 914 venustatem
1037 881 1111 923 ejus
1124 880 1422 914 demonstrandam
1456 887 1579 913 aureas
1611 879 1759 914 habenas
1785 880 1816 912 ei
1849 878 1971 921 tribuit,

116 938 230 983 quibus
254 945 383 972 currum
407 937 502 980 equis
525 936 579 971 vei
603 936 764 972 columbis
787 939 917 972 vectum
942 937 1065 980 dirigit.
1104 933 1159 983 (Ἀ.
1183 933 1372 984 χρυσάνιος
1397 937 1473 973 Oed.
1496 937 1564 972 Col.
1592 938 1673 972 692.
1699 937 1743 970 cf.
1768 932 1808 970 Ἀ.
1833 931 1970 980 χρύσεα

116 996 151 1030 ll.
177 997 209 1039 3,
235 997 291 1029 64.
329 994 447 1035 Odyss.
474 996 507 1038 8,
534 993 632 1037 337.)
678 995 780 1035 Quum
804 995 914 1030 Venus
938 995 1127 1040 hortorum,
1151 995 1268 1030 florum
1292 998 1325 1030 et
1348 997 1436 1030 veris
1460 996 1521 1029 dea
1547 996 1610 1039 sit,
1635 996 1821 1029 nominatur
1845 988 1968 1039 εὔκαρ-

117 1063 184 1092 πος
208 1051 265 1096 (fr.
291 1049 379 1095 8⁷9)
407 1050 450 1085 cf.
476 1051 580 1094 epith.
605 1051 728 1087 Homer
750 1047 978 1097 ὥστέφανος.
1003 1071 1053 1077 --
1075 1053 1220 1096 Denique
1244 1056 1442 1097 potestatem
1466 1062 1564 1097 quam
1587 1055 1621 1087 in
1646 1052 1816 1086 hominum
1845 1054 1969 1086 animos

118 1112 248 1145 exercet
271 1109 533 1153 insuperabilem
557 1119 633 1145 esse
656 1112 690 1145 et
713 1110 810 1144 deam
833 1110 932 1145 rebus
955 1111 1104 1146 venereis
1127 1110 1242 1146 favere
1266 1110 1453 1145 declaratur
1477 1111 1602 1146 duobus
1628 1111 1802 1154 epithetis:
1828 1104 1967 1154 ἄμαχος

117 1163 203 1205 θεός
230 1164 319 1210 (Ant.
344 1164 432 1209 800)
458 1169 492 1201 et
515 1160 697 1213 εὔλεκτρος
723 1167 858 1211 (Trach.
885 1166 982 1211 515).
1019 1167 1112 1203 conf.
1136 1171 1311 1211 praeterea
1333 1169 1440 1211 prima
1463 1169 1560 1211 hujus
1587 1169 1711 1202 cantici
1735 1167 1852 1202 verba:
1878 1163 1969 1211 μέγα

117 1237 152 1258 τι
176 1220 307 1263 σθένος
332 1220 358 1258 ᾰ
379 1220 517 1270 Κύπρις
541 1221 729 1271 ἐκφέρεται
752 1225 852 1263 νίκας
876 1220 937 1258 ἀεί
959 1224 1093 1268 (Trach.
1119 1222 1218 1268 498).

211 1281 325 1316 Filium
351 1283 425 1325 ejus
443 1275 582 1328 Ἔρωτα
615 1282 753 1317 eandem
785 1291 857 1317 cum
888 1284 993 1317 matre
1015 1282 1138 1317 Venere
1169 1284 1349 1325 potentiam
1378 1285 1411 1318 in
1444 1284 1610 1318 hominum
1643 1286 1768 1317 mentes
1802 1291 1967 1326 exercere,

116 1339 378 1382 praeclarissimo
397 1339 454 1375 illo
475 1341 663 1382 Antigonae
684 1341 813 1375 cantico
836 1340 1034 1384 declaratur,
1055 1340 1144 1383 quod
1165 1341 1298 1384 incipit:
1313 1334 1437 1385 Ἔρως,
1459 1336 1604 1374 ἀνίκατε
1624 1336 1746 1384 μάχαν
1764 1340 1852 1383 (Ant.
1868 1339 1966 1383 781).

944 1413 977 1445 7.
1013 1408 1148 1458 Ἑρμῆς.

212 1477 400 1522 Mercurius,
425 1479 514 1513 Jovis
539 1478 635 1523 iilius,
661 1488 681 1513 a
699 1478 865 1523 Sophocle
888 1479 1079 1514 nominatur
1103 1475 1124 1514 ὁ
1146 1475 1333 1518 Κυλλάνας
1359 1474 1527 1514 ἀνάσσων
1552 1478 1646 1523 (Oed.
1664 1480 1736 1513 Rex
1764 1480 1866 1522 1104,
1893 1480 1969 1528 quia

117 1535 152 1569 in
175 1534 315 1580 Cyllene,
340 1535 498 1570 Arcadiae
523 1539 645 1581 monte,
671 1536 757 1580 Maja
782 1539 882 1571 natus
908 1536 1080 1571 dicebatur
1104 1536 1217 1580 ibique
1242 1538 1379 1571 summis
1403 1537 1584 1571 honoribus
1615 1536 1793 1571 colebatur.
1810 1555 1857 1559 -
1883 1536 1971 1569 Inter

118 1594 208 1627 varia
233 1601 367 1628 munera
392 1601 477 1637 quae
503 1593 620 1629 callido
644 1594 720 1628 huic
745 1594 806 1629 deo
833 1603 853 1629 a
876 1590 992 1638 poetis'
1007 1597 1041 1629 et
1065 1593 1268 1637 mythologis
1294 1595 1504 1636 assignantur
1529 1594 1712 1637 Sophocles
1740 1592 1968 1627 tantummodo

117 1652 316 1685 mentionem
341 1650 423 1685 facit
446 1652 593 1685 munerIs
619 1652 748 1685 animos
779 1655 979 1686 mortuorum
1012 1651 1054 1686 ad
1083 1652 1209 1686 inferos
1244 1651 1430 1686 deducendi.
1482 1648 1545 1694 (‘E.
1570 1651 1755 1694 πομπαῖος
1782 1651 1829 1684 El.
1857 1651 1927 1684 832
1953 1647 1972 1684 ὁ

116 1703 261 1752 πομπός
286 1707 362 1743 0ed.
389 1708 456 1743 Col.
486 1706 576 1743 1548
601 1704 749 1752 χθόνιος
773 1709 819 1743 El.
850 1711 928 1754 111,
955 1708 1051 1752 832).
1090 1707 1232 1744 Callidos
1258 1711 1330 1753 ejus
1355 1717 1465 1743 mores
1491 1708 1646 1743 describit
1677 1709 1823 1752 epitheto
1854 1704 1970 1747 δόλιος

119 1764 216 1812 (Phil.
246 1764 341 1809 133).
391 1765 537 1810 Denique
569 1769 804 1801 commemorat
835 1767 932 1801 deum
965 1767 1030 1801 hac
1055 1767 1236 1802 calliditate
1260 1776 1357 1802 usum
1381 1776 1457 1802 esse
1483 1768 1518 1801 in
1541 1766 1647 1801 bubus
1674 1766 1761 1801 Solis
1795 1766 1967 1809 abigendis

119 1819 291 1869 (βοόκλεψ
313 1823 355 1858 fr.
383 1822 480 1867 857).
507 1824 556 1858 Cf.
581 1824 701 1859 Preller
724 1833 754 1868 p.
780 1825 860 1858 243.

736 1923 784 1963 Π.
829 1923 896 1964 Dii
923 1924 1127 1965 minorum
1155 1924 1348 1978 gentium.

949 2009 979 2041 1.
1016 2002 1069 2042 Θέ
1129 2031 1138 2039 .

212 2070 316 2114 Hujus
349 2070 429 2105 deae
461 2078 546 2114 quae
580 2071 731 2105 antistita
758 2071 845 2115 juris
877 2069 981 2105 divini
1013 2017 1155 2106 εειμιιιῗιο
1189 2072 1316 2105 tantum
1349 2069 1423 2106 loco
1450 2069 1633 2114 Sophocles
1659 2070 1859 2106 mentionem
1883 2068 1968 2104 facit

118 2125 180 2170 (El.
209 2126 316 2172 1064)
343 2136 418 2163 eam
442 2123 611 2174 ου’ρανίαν
635 2130 819 2164 nominans.

927 2197 959 2231 2.
996 2193 1157 2232 Μοῦσαι.

210 2260 325 2297 Musae
352 2270 372 2296 a
396 2264 493 2306 poeta
516 2264 633 2298 nostro
660 2262 863 2308 appellantur
886 2260 1053 2309 φίλαυλοι
1079 2263 1201 2307 (Antig.
1225 2262 1309 2307 965)
1333 2266 1367 2298 et
1388 2260 1602 2303 Ἑλικωνίδες
1625 2260 1763 2309 νύμφαι
1791 2263 1883 2307 (Oed.
1900 2264 1971 2297 Rex

119 2316 239 2416 {fi-08).
276 2319 458 2420 Pgaeterea
482 2319 675 2356 aedificandi
698 2329 828 2365 quoque
853 2324 958 2357 artem
984 2321 1026 2356 ad
1047 2329 1104 2355 eas
1129 2320 1233 2357 refert
1253 2321 1288 2356 id
1309 2322 1397 2366 quod
1422 2322 1516 2357 docet
1540 2318 1771 2368 τεκτόυαρχος
1798 2321 1969 2365 epitheton

167 2381 250 2417 agm.
281 2377 295 2410 1
326 2377 350 2411 0
374 2376 411 2410 D.
433 2402 440 2410 .
