2182 2643
1090 145 1118 190 ν8

1017 264 1050 297 3.
1185 288 1193 295 .

269 322 414 357 Victoria
447 321 511 356 dea
542 321 729 366 appellatur
757 317 1003 366 μεγαλώνυμος
1037 262 1240 366 (Αιξῖίκῗω)
1273 323 1409 365 propter
1440 322 1605 365 egregiam
1635 322 1760 358 famam
1790 323 1884 367 cujus
1919 323 2035 357 auctor

170 384 233 414 est.
273 380 323 414 ef.
349 380 484 415 Ellendt.
509 380 569 414 lex.
596 380 698 423 Soph.
725 390 753 415 s.
779 389 807 414 v.

1008 438 1042 473 4.
1071 430 1203 477 Ἥλιος.

267 495 380 530 Solem
403 496 534 537 magnis
555 495 708 531 laudibus
729 498 829 539 poeta
851 496 997 530 celebrat
1018 497 1113 539 eique
1139 503 1299 529 summam
1323 495 1435 530 trlbuit
1459 498 1650 539 potentiam.
1687 497 1815 531 Etenim
1839 504 1906 531 non
1930 495 2036 530 solum

169 556 206 587 ut
240 553 400 587 Homerus
433 547 574 586 ἄνακτα
609 553 754 596 appellat
795 552 887 596 (Oed.
918 553 987 586 Rex
1022 552 1131 595 1426)
1167 554 1201 586 et
1234 548 1416 599 δεσπότην
1450 552 1508 596 (rr.
1542 552 1629 597 480)
1663 553 1722 588 sed
1756 554 1855 588 ctiam
1889 548 2036 587 πάντων

170 607 270 643 θεῶν
304 606 395 644 θεὸν
427 606 568 656 πρόμσν
595 610 687 654 (Oed.
721 611 793 644 Rex
818 608 906 653 660)
942 613 976 644 et
1008 606 1175 656 γεννητῇν
1206 607 1306 644 θεῶν
1341 609 1398 654 (fr.
1431 608 1518 653 772)
1553 612 1648 653 cujus
1680 619 1798 645 numen
1831 610 1883 645 vel
1915 619 1935 644 a
1957 609 2036 645 ‘bel-

171 668 286 702 licosis
330 667 514 702 Thracibus
552 667 711 709 religiose
754 667 873 702 colitur
906 665 1113 712 (φιλίπποις
1152 665 1266 714 Θρῃξὶ
1305 663 1525 713 πρέσβιστον
1564 663 1674 713 σέβας
1705 666 1748 702 fr.
1782 667 1883 711 523).
1941 667 2037 702 Sicut

170 726 334 759 Homerus
361 725 473 760 Solem
499 725 579 759 dicit
602 721 710 759 πάντ’
735 721 871 771 ἐφορᾶν
901 724 963 759 καὶ
985 721 1091 760 πάντ’
1117 721 1328 768 ἐπακούειν,
1361 727 1407 760 ita
1432 725 1619 769 Sophocles
1643 725 1839 760 facultatem
1864 727 1895 760 ei
1918 724 2036 760 tribuit

171 785 280 817 omnia
314 783 418 817 oeulis
450 782 689 826 perlustrandi:
723 779 742 817 6
775 779 899 817 πάντα
932 779 1091 818 λεύσσων
1117 783 1210 827 (Oed.
1237 783 1306 818 col.
1333 781 1419 826 869)
1454 785 1489 818 et
1512 778 1533 817 6
1556 778 1795 829 κρατιστεύειν
1826 778 1905 817 κατ’
1936 777 2036 828 όμμα

171 840 306 884 (Trach.
336 839 436 884 101).
485 840 632 876 Eundem
657 850 755 876 curru
780 850 842 876 suo
869 841 1045 876 vehentem
1069 845 1102 876 et
1126 841 1229 876 ardua
1253 841 1339 877 coeli
1373 841 1482 884 spatia
1512 841 1738 885 per-volantem
1765 840 1927 876 describit
1960 849 2035 876 ver-

168 899 241 933 bis:
273 894 293 933 6
324 894 387 933 τὸν
420 895 531 934 ainaha
563 894 715 945 ου’ρανόν
747 896 980 945 διφρηλατῶν
1015 899 1083 944 (Aj.
1114 898 1201 943 845)
1236 902 1270 934 et
1301 895 1494 946 διφρευτής
1528 899 1613 943 (ibid
1643 897 1744 943 857).
1792 898 1842 933 Cf.
1876 908 1951 934 cum
1981 899 2036 935 his

169 957 325 1002 epithetis
349 957 524 992 Homerica
548 957 606 992 illa
629 953 783 1003 ὑπερίων
808 961 843 992 et
866 953 1091 1004 ὑπερισνίδης
1116 952 1218 999 ἅναξ.

893 1025 926 1059 5.
963 1025 1104 1072 Μοῖραι
1130 1027 1164 1059 et
1186 1021 1312 1072 Κῆρες.

267 1083 543 1125 Distinguendum
569 1085 622 1117 est
646 1084 734 1118 inter
757 1082 901 1118 formam
926 1083 1130 1125 singularem
1153 1080 1176 1130 ἦ
1201 1084 1331 1130 Μοῖρα
1354 1092 1438 1128 quae
1463 1082 1578 1118 eadem
1601 1091 1678 1118 esse
1703 1082 1833 1118 videtur
1857 1091 1932 1117 cum
1955 1083 2037 1118 Fato

169 1143 203 1174 et
236 1141 416 1183 appellatur
446 1137 581 1187 μεγάλη
609 1140 709 1184 (Phil.
738 1139 860 1184 1466),
886 1142 961 1184 quia
994 1149 1089 1175 nemo
1113 1142 1291 1184 potentiam
1323 1142 1396 1184 ejus
1428 1140 1576 1183 effugere
1609 1142 1724 1183 potest
1749 1138 1807 1184 (cf.
1836 1140 2037 1175 Homericum

170 1194 326 1244 κραταιή
350 1197 386 1232 ll.
415 1198 448 1242 5,
473 1196 535 1241 83)
562 1200 596 1232 et
618 1197 781 1241 pluralem
814 1194 856 1231 αἴ
877 1197 1018 1243 Μοῖραι
1050 1199 1072 1232 i.
1099 1206 1128 1232 e.
1155 1197 1239 1232 deae
1268 1198 1350 1232 fatis
1384 1196 1650 1232 administrandis
1683 1196 1873 1241 praefectae
1906 1205 1989 1240 quae
2014 1206 2036 1232 a

169 1258 270 1298 poeta
294 1256 500 1289 nominantur
523 1254 745 1300 μακραίωνες
771 1254 861 1298 (Ant.
888 1253 976 1298 987)
1004 1256 1046 1290 cf.
1072 1255 1209 1290 Ellendt.
1238 1255 1301 1290 lex.
1328 1255 1431 1298 Soph.
1458 1264 1486 1288 s.
1511 1263 1542 1288 v.

268 1311 435 1353 cognatae
467 1312 584 1345 harum
617 1311 749 1346 dearum
782 1314 859 1346 sunt
893 1309 935 1345 αἱ
956 1308 1070 1358 Κῆρες
1104 1321 1186 1356 quae
1213 1312 1365 1347 dicuntur
1398 1311 1525 1354 δειναί,
1561 1308 1812 1358 α’ναπλάκητοι
1847 1311 1939 1356 (Oed.
1966 1313 2037 1347 Rex

171 1367 356 1412 471-72)
384 1368 471 1413 quod
483 1368 594 1404 schol.
615 1368 775 1413 explicat:
801 1366 842 1403 αἱ
863 1365 977 1416 μηδὲν
1002 1365 1275 1414 ἀμαρτάνουσαι
1299 1365 1396 1404 ἀλλά
1419 1365 1564 1404 πάντων
1587 1365 1796 1416 κρατοῦσαι,
1820 1362 1847 1416 ἧ
1869 1364 2035 1415 ἄφυκτοι,

171 1423 392 1473 ἀπλάνητοις
419 1426 461 1461 cf.
488 1427 698 1461 Homericum
721 1427 877 1473 βαρεῖαι.
927 1427 962 1461 ll.
993 1429 1022 1471 1,
1052 1428 1109 1461 97.

988 1486 1020 1518 6.
1057 1480 1224 1529 Νέμεσις.

266 1542 336 1578 Dea
360 1543 460 1579 ultrix
489 1544 584 1587 cujus
614 1544 648 1578 in
672 1542 870 1578 carminibus
895 1543 1077 1578 Homericis
1102 1542 1247 1578 nondum
1271 1544 1394 1579 mentio
1417 1542 1456 1578 fit
1481 1542 1621 1588 (Preller
1644 1552 1677 1588 p.
1704 1542 1790 1588 352)
1818 1553 1882 1581 uno
1911 1547 2036 1580 tantum

168 1602 243 1637 loco
268 1602 356 1645 apud
381 1604 515 1644 poetam
539 1604 834 1635 commemoratur:
861 1596 968 1635 ἄκουε
991 1597 1130 1644 Νέμεσι
1154 1597 1223 1636 τοῦ
1245 1597 1424 1641 θανόντος
1449 1597 1578 1647 α’ρτίως
1604 1601 1668 1646 (El.
1695 1601 1794 1646 792).

1011 1670 1043 1703 7.
1085 1664 1207 1715 Τύχη..

259 1727 427 1762 ,Fortunae
453 1726 534 1762 deae
569 1736 587 1761 a
623 1736 688 1770 qua
720 1727 906 1762 hominibus
939 1727 1031 1761 salus
1056 1727 1242 1770 impertitur
1276 1727 1381 1761 semel
1413 1730 1516 1770 poeta
1546 1729 1748 1763 mentionem
1778 1727 1861 1763 facit
1893 1729 1929 1763 in
1955 1728 2035 1763 Oed.

168 1785 249 1826 Reg.
280 1786 373 1818 1080
399 1783 454 1818 ubi
480 1784 622 1826 legitur:
648 1781 714 1828 ἐγώ
739 1781 925 1829 δ’ἑμαυτόν
948 1783 1069 1818 παῖδα
1093 1781 1158 1830 τῆς
1186 1780 1307 1830 Τύχης
1332 1780 1446 1828 νέμων
1471 1782 1535 1831 τῆς
1562 1774 1605 1820 εῧ
1627 1780 1795 1831 διδούσης
1818 1798 1850 1819 κ.
1875 1797 1907 1819 τ.
1932 1784 1963 1819 λ.

1088 1855 1123 1890 Β.

939 1925 1031 1971 Dii
1059 1926 1267 1972 marini.

989 2014 1017 2045 1.
1051 2007 1221 2050 Ὠκεανός.

266 2069 315 2103 Ab
346 2068 473 2103 Oceano
500 2069 555 2112 qui
580 2067 667 2112 apud
695 2069 868 2104 Homerum
893 2070 1082 2104 nominatur
1107 2065 1205 2103 θεῶν
1228 2065 1360 2113 γένεσις
1386 2068 1434 2113 (ll.
1459 2070 1513 2114 14,
1535 2068 1622 2112 302)
1648 2068 1762 2104 fontes
1787 2071 1892 2105 ortum
1917 2068 2036 2104 ducere

168 2128 335 2162 dicuntur:
352 2122 470 2170 Ἴναχε
494 2145 543 2151 -
567 2126 643 2160 παῖ
660 2138 797 2173 κρηνων
822 2124 961 2173 πατρὸς
984 2123 1152 2163 Ὠκεανοῦ
1176 2127 1233 2172 (fr.
1261 2126 1359 2171 256).

975 2195 1006 2228 2.
1044 2193 1233 2241 Νηρηΐδες.

265 2253 367 2287 Filiae
385 2253 479 2288 Nerei
505 2254 560 2295 qui
586 2261 606 2286 a
631 2255 732 2295 poeta
756 2254 788 2286 in
813 2254 855 2287 iis
881 2252 1004 2287 fabulis
1030 2262 1112 2296 quae
1139 2252 1181 2287 ad
1207 2261 1270 2287 nos
1295 2255 1516 2295 pervenerunt
1553 2261 1716 2296 nusquam
1750 2255 2035 2297 commemoratur,

169 2311 381 2346 nominantur
406 2305 652 2355 ἑκατόμποδες
679 2309 770 2354 (Oed.
797 2310 866 2344 Coi.
894 2309 980 2354 718)
1008 2310 1097 2354 quod
1131 2310 1305 2354 epitheton
1339 2318 1405 2345 non
1429 2309 1471 2345 ad
1500 2312 1624 2345 certum
1650 2310 1811 2354 quendam
1837 2318 1950 2344 earum
1974 2319 2034 2345 nu-

170 2378 297 2403 merum
321 2369 532 2404 referendum
557 2377 645 2412 esse,
670 2369 731 2402 sed
751 2371 877 2402 tantum
898 2377 1111 2411 permagnam
1132 2369 1250 2403 harum
1272 2368 1407 2403 dearum
1431 2368 1667 2403 multitudinem
1688 2367 1875 2411 significare
1896 2367 2033 2403 videtur.

176 2427 225 2463 Cf.
251 2426 378 2464 Ellendt
403 2431 437 2463 et
463 2427 671 2463 SchneideW.
697 2426 740 2462 ad
764 2426 797 2461 h.
824 2426 846 2462 l.
