2182 2643
1150 121 1173 156 4

225 254 270 260 —-
297 231 408 274 θεούς
437 230 519 274 τούς
543 230 726 281 νερτέρους
758 234 833 269 Ant.
866 235 946 269 602.
972 252 1020 258 -
1044 230 1127 274 τούς
1159 231 1327 269 κάτωθεν
1357 230 1469 273 θεούς
1494 233 1572 269 ibid.
1602 234 1724 277 1070).
1774 235 1869 270 Sicut
1898 236 1944 271 (lii
1976 237 2088 281 superi

225 292 310 336 apud
335 293 513 326 Homerum
539 292 704 326 dicuntur:
733 286 912 336 Ὀλύμπια
936 287 1071 336 δώματ’
1101 286 1240 335 ἔχοντες
1264 292 1297 326 ss.
1320 293 1353 336 2,
1382 293 1445 336 13,
1469 293 1517 326 ita
1542 292 1631 335 apud
1659 292 1855 336 Sophoclem
1884 294 2089 338 appellantur

222 349 305 384 θεοὶ
329 346 513 393 Ὀλύμπιοι
538 349 638 392 (Phil.
664 349 764 392 315).
812 349 992 383 Praeterea
1016 349 1102 384 conf.
1127 349 1204 383 oed.
1230 349 1296 383 Col.
1327 350 1429 393 1055,
1454 348 1509 383 ubi
1533 349 1680 384 Theseus
1705 346 1767 384 τὸν
1790 347 1890 385 θεῶν
1904 345 2089 396 Ὄλυμπον

223 395 417 443 adoravisse
443 407 571 442 dicitur.
609 406 645 440 In
669 406 793 451 aliquot
817 406 901 441 locis
926 406 1059 441 deorum
1083 406 1253 441 domicilia
1278 407 1525 449 angustioribus
1546 407 1643 450 quasi
1664 406 1785 442 finibus
1812 408 2086 444 circumscribun-

220 470 290 510 tur,
321 465 422 500 veluti
454 465 609 509 epithetis
642 465 684 499 θ.
717 460 874 510 ἐγχώριοι
900 464 1035 508 (Trach.
1066 464 1151 508 183)
1185 465 1227 499 θ.
1259 460 1402 508 ἐγγενεῖς
1428 464 1489 509 (ΕΙ.
1515 463 1602 508 428)
1628 465 1684 509 qui
1707 464 1807 501 iidem
1831 469 1911 502 sunt
1943 475 2016 501 eum
2042 468 2087 501 θ.

344 520 386 557 ὀι
449 523 497 557 El.
523 524 590 557 411
616 549 623 556 .

222 524 547 615 πατρξηξιεξεωυε
574 525 616 613 a()l
642 578 778 613 deorum
800 581 963 612 naturam.
978 597 1022 602 —
1036 578 1321 613 Immortalitatem
1347 579 1417 613 sive
1443 579 1673 613 aeternitatem
1698 578 1842 623 deorum,
1859 587 1955 624 quam
1969 580 2086 615 Home-

219 650 277 675 rus
303 639 498 683 saepissime
530 637 690 680 epithetis
722 638 765 670 θ.
791 632 870 670 αι’ἑν
894 633 1027 679 ἐόντες,
1053 638 1095 671 θ.
1121 633 1339 680 αιέιγενέται,
1364 638 1407 670 θ.
1433 631 1609 681 ἄμβροτος
1634 636 1792 680 celebrat,
1815 637 1995 681 Sophocles
2021 647 2087 672 non

221 700 311 731 certo
339 696 470 740 quidem
495 695 644 738 epitheto
671 693 859 737 significat,
885 697 1032 727 attamen
1053 694 1255 728 mentionem
1281 693 1379 736 hujus
1404 696 1540 727 naturae
1565 693 1646 727 facit
1669 693 1805 736 pulchro
1830 694 1884 729 illo
1910 694 2001 739 loco,
2030 694 2086 729 uhi

221 754 366 797 Oedipus
393 753 435 787 ad
459 752 626 786 Theseum
651 750 753 786 verba
784 750 912 785 faciens
938 750 1036 785 dicit:
1062 740 1092 784 ὦ
1116 746 1259 795 φίλτατ’
1282 745 1409 794 Αἰγέως
1434 750 1523 794 παῖ’,
1554 746 1675 795 μόνοις
1711 746 1753 785 ού
1780 751 1931 795 γίγνεται
1964 752 2085 787 θεοῖσι

218 809 327 857 γῆρας
360 806 444 844 οὐδὲ
477 808 677 843 κατθανεῖν
713 804 822 851 ποτέ,
859 804 907 841 τοὶ
944 803 1070 842 δ’ἄλλα
1102 808 1227 852 συγχεῖ
1256 802 1373 841 πάνθ’
1405 804 1425 841 ὁ
1454 804 1661 854 παγκρατής
1697 804 1831 854 χρόνος.
1886 808 1980 852 (oed.
2017 809 2085 844 col.

220 868 391 910 607—9).
441 867 620 901 Praeterea
653 866 799 910 epitheto
831 867 873 899 θ.
904 862 1056 912 ἑπόψιοι
1087 860 1189 909 (Phil.
1226 864 1335 907 1040)
1369 864 1594 910 significatur,
1627 865 1707 901 deos
1738 875 1806 901 non
1837 866 1942 902 solum
1975 858 2085 902 omnia

219 926 350 970 videre,
381 926 442 960 sed
465 926 568 959 etiam
601 924 732 958 scelera
769 924 926 959 malorum
962 924 1131 958 hominum
1167 922 1292 956 ulcisci.
1324 940 1373 946 —
1407 923 1552 966 Denique
1588 922 1766 957 notandum
1804 927 1876 967 est,
1913 920 2086 971 σωτήριος

219 985 394 1027 epitheton,
421 982 511 1026 quod
535 983 570 1016 in
593 981 638 1015 El.
665 982 732 1016 281
757 983 1044 1025 commemoratur,
1072 979 1222 1014 omnibus
1252 979 1382 1023 quidem
1411 979 1484 1014 deis
1510 982 1679 1022 tamquam
1709 980 1882 1023 epitheton
1909 990 2084 1017 commune

223 1041 362 1076 attribui
388 1040 510 1084 videri,
544 1049 580 1074 re
613 1042 725 1074 autem
749 1047 829 1073 vera
862 1041 987 1073 tantum
1018 1039 1131 1082 Jovis,
1162 1037 1320 1081 Apollinis
1346 1040 1380 1072 et
1403 1037 1568 1072 Minervae
1592 1039 1759 1082 proprium
1786 1047 1878 1083 esse,
1913 1040 1969 1082 qui
1994 1042 2028 1074 et
2051 1040 2086 1074 in

221 1099 299 1134 aliis
325 1099 408 1133 locis
433 1095 518 1133 θεοὶ
543 1092 791 1144 α’ποτρόπαιοι
815 1097 1036 1132 nominantur.
1086 1095 1232 1129 Primum
1260 1095 1429 1130 videamus

1137 1163 1173 1196 A.

712 1220 793 1264 De
824 1218 940 1273 (iiie,
972 1218 1064 1274 qui
1093 1217 1151 1261 in
1181 1218 1327 1262 coelo
1357 1219 1596 1274 regnant.

686 1288 716 1328 Ι.
762 1287 830 1328 Dii
859 1288 930 1342 qui
970 1286 1163 1326 dicuntur
1201 1286 1399 1340 majorum
1428 1287 1621 1340 gentium.

1073 1356 1102 1389 1.
1140 1351 1242 1393 Ζεύς.
2035 1390 2040 1394 .

316 1416 427 1457 Longe
451 1414 601 1457 plurimis
627 1413 786 1457 epithetis
810 1415 848 1446 ut
871 1421 932 1455 par
957 1414 1009 1446 est
1040 1420 1188 1446 summus
1214 1412 1349 1446 deorum
1374 1420 1393 1445 a
1420 1411 1584 1454 Sophocle
1608 1411 1762 1447 afficitur.
1807 1413 1951 1448 Primum
1977 1413 2089 1449 eodem

218 1473 315 1509 modo
342 1481 407 1517 quo
434 1472 592 1507 Homerus
617 1472 732 1506 Jovem
758 1469 905 1514 appellat
927 1465 1136 1514 Ὀλύμπιον,
1162 1471 1287 1513 Jupiter
1313 1470 1400 1513 apud
1423 1473 1569 1505 nostrum
1593 1473 1721 1513 poetam
1745 1473 1934 1506 nominatur
1964 1468 2087 1518 πατήρ

215 1527 405 1575 Ὀλύμπιος
431 1531 567 1573 (Trach.
583 1530 672 1571 275)
700 1532 734 1562 et
757 1524 847 1566 θεὸς
872 1522 892 1561 ὁ
915 1523 1026 1571 μέγας
1047 1523 1236 1571 Ὀλύμπιος
1262 1527 1326 1569 (El.
1349 1526 1448 1569 209).
1486 1527 1609 1561 Eodem
1634 1529 1800 1570 pertinent
1824 1536 1909 1572 quae
1934 1528 2088 1571 leguntur

216 1590 251 1623 in
270 1589 359 1632 Ajac.
384 1589 495 1622 1389:
517 1582 696 1632 Ὀλύμπου
721 1580 818 1621 τοῦδ’
841 1580 862 1619 ὁ
885 1580 1094 1632 πρεσβεύων
1118 1581 1242 1631 πατήρ
1269 1586 1354 1620 etin
1373 1585 1419 1620 El.
1444 1586 1530 1619 174:
1555 1580 1666 1630 μέγας
1687 1580 1835 1632 οὐρανῷ,
1850 1587 2088 1622 -Praeterea

218 1647 320 1680 sedes
346 1647 452 1689 iovis,
478 1654 564 1689 quae
589 1646 630 1679 ab
657 1645 799 1679 Homero
824 1643 973 1687 epitheto
1002 1640 1022 1676 ὁ
1045 1636 1164 1688 ἱῖψοθ’
1189 1639 1256 1676 ε’ών
1281 1643 1481 1676 describitur
1506 1643 1558 1684 (ll.
1589 1645 1651 1687 10,
1682 1644 1743 1685 16)
1768 1646 1954 1679 accuratius
1979 1653 1999 1679 a
2025 1645 2086 1679 So-

217 1703 339 1747 phocle
367 1702 518 1737 definitur
541 1702 670 1737 verbis:
697 1697 717 1735 ό
740 1697 818 1735 κατ’
843 1695 961 1747 ἄστρα
986 1696 1077 1739 Ζεύς
1103 1701 1237 1741 (Trach.
1268 1699 1387 1742 1106).
1441 1699 1512 1735 Uno
1537 1703 1665 1735 tantum
1689 1701 1762 1736 loco
1790 1702 1888 1737 sedes
1913 1703 2085 1737 terrestris

217 1762 290 1796 Iovi
310 1760 481 1795 tribuitur:
495 1757 643 1793 Δωδῶνι
661 1760 781 1801 ναίων,
799 1755 962 1803 ὁμέστιος
982 1754 1121 1804 βροτῶν
1135 1758 1269 1800 (fragm.
1292 1759 1372 1791 401.
1386 1757 1441 1799 D.)
1464 1757 1506 1791 cf.
1520 1754 1612 1797 Ζεύς
1622 1758 1833 1798 Δωδωναῖος
1846 1759 1898 1802 (11.
1919 1762 1971 1804 16,
1986 1760 2085 1803 2³8).

314 1818 428 1851 Jovem
451 1818 720 1860 potentissimum
749 1816 886 1852 deorum
911 1825 987 1851 esse
1014 1825 1194 1859 eorumque
1227 1818 1400 1860 parentem
1426 1814 1611 1859 Sophocles
1643 1817 1772 1860 pariter
1798 1819 1898 1860 atque
1924 1816 2085 1853 Homerus

217 1874 323 1918 (apud
349 1884 447 1918 quem
471 1877 657 1910 nominatur
681 1871 806 1921 πατήρ
832 1870 972 1921 ἀνδρῶν
996 1886 1035 1908 τε
1058 1872 1159 1909 θεῶν
1189 1879 1249 1917 τε,
1274 1870 1484 1920 ἐρισθενής,
1515 1870 1721 1920 κάρτιστος)
1754 1875 1899 1918 plurimis
1930 1874 2086 1918 epithetis

216 1935 381 1976 exprimit.
396 1951 442 1956 —
457 1932 604 1967 Primum
629 1932 694 1966 huc
718 1933 863 1975 pertinet
887 1941 1070 1975 cognomen
1095 1928 1219 1978 πατήρ
1245 1931 1331 1976 quod
1356 1932 1391 1966 in
1415 1934 1556 1976 quatuor
1581 1931 1665 1967 locis
1690 1932 1857 1975 reperitur
1881 1931 1947 1975 (ΑΙ.
1978 1932 2084 1967 1380.

216 2009 262 2014 -—
287 1991 371 2025 Phil.
401 1991 502 2025 1440.
553 1990 630 2025 Oed.
653 1990 723 2025 Rex
749 1992 830 2025 202.
868 1990 987 2025 Trach.
1015 1990 1113 2034 275).
1152 1990 1328 2025 Praeterea
1352 1991 1481 2034 Jupiter
1506 1990 1689 2034 appellatur
1714 1985 1923 2036 παγκρατής
1947 1986 2086 2036 Κρόνου

216 2048 305 2087 παῖς
331 2048 433 2088 (Phil.
460 2049 540 2082 680.
566 2048 704 2082 Phaedr.
730 2048 771 2081 fr.
798 2048 888 2090 607)
913 2042 1069 2094 ὕψιστος
1094 2047 1194 2090 (Phil.
1225 2047 1333 2090 1289)
1359 2043 1399 2086 ὃς
1423 2043 1547 2082 πάντα
1575 2042 1740 2094 κρατύνει
1774 2048 1836 2090 (ΕΙ.
1867 2049 1952 2090 174)
1977 2044 2086 2083 πάντ’

217 2102 387 2141 ἀνάσσων
412 2105 509 2150 (Oed.
535 2106 606 2140 Rex
633 2106 722 2150 904)
747 2100 840 2147 ἅναξ
866 2106 959 2150 (Oed.
985 2106 1054 2142 Col.
1086 2107 1194 2148 1485)
1219 2102 1427 2153 πάνταρχος
1452 2104 1551 2142 θεῶν
1576 2106 1672 2150 (oed.
1702 2107 1820 2149 1085).
1843 2125 1889 2131 --
1912 2107 2083 2151 imperium

217 2166 290 2207 ejus
315 2164 503 2199 extenditur
535 2166 568 2198 in
592 2165 780 2199 universam
813 2168 984 2208 naturam,
1019 2165 1103 2199 unde
1134 2166 1320 2199 nominatur
1345 2161 1530 2210 πυρφόρος
1564 2160 1814 2211 ἀστεροπητής
1839 2164 1942 2207 (Phil.
1972 2164 2083 2208 1198)

215 2217 482 2268 βαρυβρεμέτης
509 2221 600 2262 (Ant.
631 2222 741 2265 1118)
767 2218 962 2269 πυρφόρων
992 2217 1189 2268 ἀστραπᾶν
1221 2218 1335 2269 κράτη
1369 2217 1484 2267 νέμων
1509 2222 1604 2265 (Oed.
1630 2223 1699 2258 Rex
1725 2224 1913 2265 200—02)
1938 2222 1990 2257 Cf.
2015 2223 2083 2267 epi—

215 2280 305 2314 theta
336 2279 526 2313 Homerica:
559 2274 822 2326 ὖψιβρεμέτης,
861 2276 1107 2326 ἑριβρεμέτης,
1145 2277 1436 2325 τερπικέραυνος,
1473 2276 1747 2326 νεφεληγερέτα,
1785 2276 2081 2326 στεροπηγερέτα,

215 2332 473 2382 ἀργικέραυνος.
498 2354 547 2360 -
572 2336 651 2371 Cum
674 2336 740 2371 hac
773 2338 1011 2381 omnipotentia
1036 2338 1214 2381 conjuncta
1250 2340 1303 2372 est
1327 2337 1470 2372 facultas
1503 2338 1612 2372 omnia
1637 2341 1673 2373 et
1695 2339 1886 2382 praesentia
1910 2341 1945 2373 et
1967 2338 2081 2372 futura

210 2394 434 2439 perspiciendi
457 2394 490 2429 id
515 2395 601 2438 quod
625 2394 810 2438 Sophocles
835 2396 889 2430 his
913 2396 1071 2439 epithetis
1096 2395 1256 2430 declarat:
1282 2390 1303 2429 o‘
1327 2391 1454 2430 πα’νθ’
1476 2391 1567 2441 ὀροῖν
1592 2391 1653 2429 αἐί
1674 2395 1767 2439 (Ant.
1789 2395 1874 2439 184)
1899 2390 1939 2435 ὃς
1963 2387 2083 2441 ἐφορᾷ
