2182 2643
1091 109 1139 145 10

180 219 332 269 ἄστρων,
357 224 484 267 νυχίων
508 221 730 270 φθεγμάτων
754 221 951 260 ἐπίσκοπον
977 226 1065 270 (Ant.
1086 223 1303 268 1146-47).
1338 244 1386 249 —
1418 224 1467 259 Ad
1492 231 1624 260 saevam
1647 224 1747 268 hujus
1773 224 1823 259 dei
1849 233 1946 269 quem
1970 226 2041 268 jam

181 282 341 317 Homerus
364 278 578 326 μαινόμενον
594 283 744 318 nominat
756 283 805 326 (11
821 285 854 327 6,
873 282 956 327 132)
978 287 1012 319 et
1027 283 1177 319 Bacchici
1197 282 1306 317 cultus
1331 285 1478 319 naturam
1497 276 1719 328 ταυροφάγος
1732 290 1860 327 quoque
1871 282 2041 327 epitheton

179 339 387 374 referendum
411 349 487 375 esse
512 340 636 375 videtur
661 341 748 383 quod
772 341 889 383 legitur
912 342 946 375 in
966 340 1007 375 fr.
1025 341 1106 376 594.
1145 340 1238 375 Certe
1262 342 1377 375 notum
1402 342 1466 384 est,
1490 340 1586 375 festis
1609 340 1708 384 hujus
1733 340 1788 374 dei
1811 339 1925 375 diebus
1950 340 2042 374 varia

179 397 333 431 animalia
357 397 498 431 lacerari
522 400 556 432 et
579 398 714 432 crudam
738 407 849 434 eorum
874 407 1008 433 carnem
1032 398 1159 432 comedi
1184 397 1337 442 solitam,
1362 397 1448 432 unde
1473 397 1526 431 vel
1550 397 1630 431 deus
1654 397 1729 440 ipse
1757 392 1928 443 αἰμηστής
1952 396 2040 431 dice·

180 453 278 489 batur
303 454 447 498 (Preller
471 464 503 499 p.
528 453 630 498 432).

996 520 1029 553 3.
1066 513 1230 564 Νύμφαι.

275 585 496 629 Nympharum
536 588 624 621 varia
657 595 776 629 genera
810 595 830 621 a
862 589 963 630 poeta
995 589 1294 622 commemorantur.
1352 585 1496 620 Primum
1528 586 1691 628 nymphae
1722 587 1912 620 montanae.
1973 586 2041 620 Huc

180 644 344 686 pertinent
367 644 412 678 Ν.
437 639 618 689 Κωρύκιαι
645 645 732 689 (Ant.
762 643 870 688 1127)
899 653 983 689 quae
1007 645 1150 680 incolunt
1174 647 1303 678 antrum
1327 642 1513 688 Corycium,
1539 643 1573 677 in
1596 646 1708 678 monte
1729 642 1896 678 Parnasso
1922 643 2040 688 situm3

179 697 416 745 Ὀλυμπιάδες
440 702 534 735 θεαί
556 701 620 746 (Aj.
648 701 735 746 883)
761 704 782 737 i.
808 712 835 737 e.
861 702 1022 746 nymphae
1047 711 1131 747 quae
1155 704 1316 745 vagantur
1339 703 1373 736 in
1397 701 1544 745 Olympo,
1570 701 1694 742 Mysiae
1719 704 1848 746 monte3
1872 703 2042 745 praeterea

182 768 240 794 eae
266 768 350 802 quae
376 768 395 794 a
419 763 516 803 poeta
540 762 752 795 nominantur
776 761 923 805 γείτωνες
947 757 1142 806 Ἀρτέμιδος
1166 756 1344 805 Ὀρτυγίας
1370 755 1593 806 (ἀγροτέρας)
1621 758 1755 804 (Trach.
1782 757 1878 802 215).
1923 758 2042 794 Deinde

179 817 343 861 nymphae
368 826 450 861 quae
477 826 597 862 aquam
629 818 794 853 incolunt:
828 820 872 852 N.
905 813 1044 865 ἔνυδροι
1069 818 1168 860 (Phil.
1198 818 1307 860 1454)
1340 820 1373 852 et
1396 818 1441 852 N.
1467 810 1569 851 ἅλιαι
1600 816 1698 859 (Phil.
1729 817 1848 859 1470).
1898 816 2042 859 Demque

178 875 343 919 nymphae
366 878 556 919 pratenses:
583 877 627 910 N.
652 873 880 921 λειμωνιᾰδες
905 877 1007 920 (Phil.
1026 877 1143 921 1454).
1180 877 1307 911 Pariter
1331 878 1428 920 atque
1440 876 1601 911 Homerus
1625 876 1682 919 qui
1704 875 1868 919 nymphas
1885 870 2041 921 τιθήνας

177 929 404 976 μαινομένοιο
428 929 625 968 Διωνύσοιο
648 936 795 968 nominat
823 935 876 975 (11.
903 937 936 978 6,
966 935 1059 978 132).
1102 935 1279 978 Sophocles
1305 935 1469 968 Bacchum
1493 933 1534 968 ab
1558 934 1611 968 his
1637 933 1759 969 deabus
1783 935 1942 968 nutritum
1965 942 2041 967 esse

179 994 296 1025 narrat
327 991 360 1025 id
393 992 481 1035 quod
515 993 658 1036 epitheto
691 993 794 1027 θεῖαι
832 990 985 1039 τιθῆναι
1018 992 1113 1035 (Oed.
1147 991 1213 1027 col.
1246 992 1334 1036 680)
1370 992 1561 1027 declaratur.
1595 1011 1643 1016 —
1672 991 1849 1026 Praeterea
1878 990 2040 1035 nymphae

179 1050 388 1083 nominantur
419 1049 599 1092 Βακχίδες
633 1050 724 1091 (Ant.
762 1051 871 1092 1128)
905 1050 993 1093 quod
1024 1050 1189 1084 Bacchum
1222 1050 1436 1084 saltabundae
1464 1048 1754 1093 prosequebantur.
1778 1068 1827 1073 -
1851 1045 2040 1095 Μηλιάδες

178 1102 317 1151 νύμφαι
342 1114 426 1149 quae
448 1108 483 1141 in
506 1106 589 1141 Phil.
615 1108 687 1142 725
713 1110 1008 1142 commemorantur
1031 1116 1052 1142 a
1075 1110 1162 1142 terra
1185 1106 1333 1142 Maliensi
1358 1115 1457 1150 quam
1488 1106 1636 1141 incolunt
1666 1114 1786 1141 nomeu
1811 1108 2017 1151 acceperunt.

1035 1189 1066 1222 4.
1101 1184 1192 1222 Πάν.

277 1246 491 1280 Rusticanum
522 1245 609 1280 hunc
642 1245 737 1280 deum
767 1248 866 1289 poeta
897 1245 1051 1281 describit
1084 1248 1119 1280 et
1150 1255 1209 1289 per
1240 1248 1366 1281 montes
1398 1248 1576 1288 vagantem
1601 1245 1663 1288 (Π.
1697 1241 1933 1293 ὀρεσσιβάτης
1966 1245 2042 1280 Oed.

178 1304 254 1338 Rex.
285 1304 394 1346 1100)
420 1307 453 1338 et
479 1303 620 1338 choreas
645 1305 872 1339 instituentem
898 1301 1014 1346 (θεῶν
1048 1300 1235 1350 χοροποιὸς
1268 1298 1360 1344 ἄναξ
1384 1303 1435 1347 AJ.
1462 1304 1558 1346 699).
1608 1299 1849 1347 Ἀλίπλαγκτος
1878 1304 2043 1347 epitheton

180 1362 247 1405 (Aj.
275 1361 364 1404 695)
390 1370 409 1396 a
434 1363 568 1406 propria
594 1361 723 1406 quidem
747 1362 846 1406 hujus
872 1362 925 1396 dei
949 1365 1066 1397 natura
1091 1362 1265 1406 abhorret,
1298 1365 1471 1406 propterea
1495 1364 1605 1397 tamen
1630 1363 1659 1397 ei
1690 1362 1826 1397 inditum
1851 1365 1922 1407 est,
1955 1361 2044 1406 quod

179 1421 358 1462 posteriore
383 1422 528 1462 tempore
555 1422 588 1453 et
612 1421 753 1454 maxime
778 1429 819 1454 ex
845 1429 909 1462 quo
934 1420 1187 1454 Atheniensibus
1212 1420 1321 1454 classe
1346 1420 1593 1462 confligentibus
1619 1420 1797 1463 opitulatus
1822 1423 1889 1464 est,
1922 1421 1957 1454 in
1981 1420 2043 1454 diis

178 1478 318 1511 marinis
345 1476 457 1512 haberi
482 1479 517 1511 et
542 1472 665 1517 ἄκτιος
692 1485 732 1512 ac
757 1475 935 1524 λιμενίτης
960 1477 1073 1513 vocari
1099 1479 1232 1521 coeptus
1259 1480 1320 1512 est.
1345 1485 1376 1511 v.
1402 1476 1543 1512 Lobeck.
1570 1476 1612 1511 ad
1636 1477 1667 1510 h.
1692 1477 1713 1511 1.

824 1569 855 1602 5.
893 1565 1069 1615 Δημήτηρ
1094 1567 1156 1602 καὶ
1180 1565 1401 1614 Περσεφόνη.
1879 1604 1882 1606 ,

279 1636 346 1671 Has
373 1636 451 1671 deas
476 1636 644 1671 artissimo
671 1637 758 1671 inter
784 1646 820 1671 se
853 1636 981 1672 vinculo
1011 1637 1145 1681 junctas
1176 1646 1251 1672 esse
1275 1639 1308 1671 et
1339 1644 1492 1679 magnam
1526 1637 1654 1680 utrique
1687 1636 1902 1671 reverentiam
1935 1634 2044 1671 deberi

177 1696 275 1737 poeta
299 1694 446 1728 declarat
470 1694 627 1737 epithetis
651 1691 804 1737 μεγάλαι
829 1695 923 1727 θεαί
944 1694 1040 1736 (Oed.
1066 1695 1131 1728 Col.
1154 1694 1241 1736 683)
1266 1697 1300 1728 et
1317 1690 1469 1728 Πότνιαι
1495 1693 1588 1735 (ibid.
1618 1691 1736 1735 1050).
1772 1690 1950 1739 Δημήτηρ
1972 1695 2043 1727 sive

178 1747 265 1798 Δηώ
290 1751 378 1794 (Ant.
409 1751 517 1795 1121)
544 1760 564 1786 a
588 1755 684 1796 poeta
709 1752 892 1797 appellatur
922 1746 1065 1796 εἷίχλοος
1090 1752 1186 1795 (Oed.
1212 1751 1277 1787 col.
1307 1752 1416 1795 1600)
1443 1751 1529 1796 quod
1553 1754 1675 1787 terram
1699 1759 1774 1787 vere
1798 1750 1913 1786 herbis
1937 1751 2044 1787 viridi-

178 1810 240 1843 bus
273 1809 476 1852 floribusque
507 1811 609 1844 vestit
643 1812 677 1844 et
709 1806 905 1844 Ἐλευσινία
938 1810 1029 1852 (Ant.
1068 1811 1176 1853 1120)
1211 1809 1359 1852 epitheto
1391 1811 1573 1845 notissimo.
1630 1809 1749 1844 Filiam
1788 1811 1861 1853 ejus
1895 1818 1979 1854 quae
2012 1812 2045 1844 et

177 1863 388 1914 Περσεφόνη
415 1866 478 1910 (El.
508 1868 592 1910 110)
619 1871 654 1902 et
677 1864 928 1914 Περσέφασσα
952 1869 1041 1911 (Ant.
1068 1868 1156 1911 894)
1184 1867 1302 1902 dicitur
1335 1876 1401 1902 una
1432 1876 1505 1903 cum
1529 1867 1671 1902 Plutone
1700 1867 1821 1903 marito
1847 1866 1935 1911 apud
1958 1866 2043 1902 infe-

176 1935 235 1960 ros
261 1933 400 1967 regnare
426 1924 598 1959 declarant
624 1925 689 1960 (100
715 1927 879 1970 epitheta:
906 1922 930 1972 ἡ
953 1921 1102 1971 νερτέρα
1127 1920 1215 1964 θεός
1241 1924 1332 1966 (Oed.
1347 1924 1410 1960 Col
1433 1923 1542 1967 1548)
1568 1927 1601 1960 et
1625 1921 1649 1971 ἦ
1672 1921 1816 1970 ἀφανής
1836 1919 1924 1964 θεός
1950 1923 2043 1967 (ibid.

182 1983 300 2025 1557).
358 1982 537 2025 Epitheton
568 1978 592 2028 ἦ
622 1978 744 2016 ἕνοδία
776 1979 866 2022 θεός
897 1983 984 2025 (Ant.
1021 1980 1113 2017 1199
1147 1986 1180 2017 et
1220 1983 1261 2016 fr.
1293 1981 1379 2025 480)
1412 1983 1533 2017 rectius
1576 1982 1618 2016 ad
1651 1982 1797 2017 Hecaten
1833 1981 2045 2017 referendum

176 2049 252 2076 esse
289 2040 438 2084 videtur,
476 2048 574 2083 quam
610 2040 850 2083 posterioribus
888 2039 1091 2084 temporibus
1129 2048 1203 2074 cum
1238 2040 1441 2084 Proserpina
1479 2039 1653 2076 confusam
1690 2048 1765 2075 esse
1798 2042 1938 2075 constat.
1996 2038 2043 2073 Cf.

181 2098 386 2133 Schneidew.
413 2097 456 2131 ad
480 2097 512 2131 h.
538 2097 559 2130 l.

1021 2158 1052 2191 6.
1081 2149 1210 2203 Ἅιδης.

275 2219 346 2252 Rex
370 2218 550 2253 inferorum
576 2215 757 2261 (ἔννυχίων
790 2213 883 2258 ma}
908 2218 982 2253 Oed.
1009 2219 1074 2253 Col.
1104 2220 1206 2253 1559.
1241 2218 1282 2253 cf.
1308 2218 1514 2253 Homericum
1547 2211 1640 2258 α’ναξ
1672 2214 1799 2262 ἐνέρων
1826 2217 1861 2251 ll.
1888 2218 1955 2260 20,
1981 2216 2044 2258 61)

178 2276 349 2319 permultis
376 2283 395 2309 a
420 2278 519 2318 poeta
543 2274 731 2309 nominibus
757 2277 943 2318 insignitur.
993 2275 1162 2319 Persaepe
1189 2276 1276 2309 enim
1300 2275 1484 2319 appellatur
1499 2268 1638 2322 Αιδης,·
1671 2278 1843 2318 praeterea
1872 2269 2045 2312 Αἷδωνεύς

176 2333 271 2374 (Oed.
298 2333 364 2368 Col.
395 2334 505 2375 1600)
554 2329 728 2369 Πλούτων
761 2333 852 2375 (Ant.
882 2333 991 2376 1200)
1025 2329 1045 2367 ὁ
1072 2330 1178 2377 παραὶ
1201 2344 1263 2368 τον
1294 2329 1477 2379 Ἀχέροντα
1509 2330 1597 2372 θεὸς
1630 2328 1799 2367 ανάσσων
1824 2332 1887 2375 (ΕΙ.
1916 2332 2001 2373 184)
2026 2342 2046 2364 ο

175 2384 333 2438 ἕσπερος
358 2387 449 2431 θεός
474 2391 570 2434 (Oed.
597 2391 668 2426 Rex
697 2391 782 2434 177)
808 2390 894 2435 quod
919 2390 1019 2425 aedes
1046 2392 1118 2435 ejus
1147 2392 1180 2425 in
1213 2390 1408 2426 occidentali
1440 2394 1546 2426 terrae
1575 2393 1672 2435 parte
1706 2391 1794 2425 sitae
1823 2389 2044 2434 putabantur3
